  <div class='ocr_page' id='page_1' title='image "/cluster/home/n/w/nwhite01/storage/ocr_20150623/140-141/uc1.31175018559917/860.png"; bbox 0 0 3968 6376; ppageno 0'>
   <div class='ocr_carea' id='block_1_1' title="bbox 127 261 3578 329">
    <p class='ocr_par' dir='ltr' id='par_1_1' title="bbox 127 261 3578 329">
     <span class='ocr_line' id='line_1_1' title="bbox 127 261 3578 329; baseline 0.004 -15"><span class='ocrx_word' id='word_1_1' title='bbox 127 261 237 315; x_wconf 74' lang='lat' dir='ltr'>5G9</span> <span class='ocrx_word' id='word_1_2' title='bbox 857 268 942 322; x_wconf 88' lang='lat' dir='ltr'><strong>ET</strong></span> <span class='ocrx_word' id='word_1_3' title='bbox 981 268 1330 325; x_wconf 80' lang='lat' dir='ltr'>LAMBERTI</span> <span class='ocrx_word' id='word_1_4' title='bbox 1366 271 1956 328; x_wconf 80' lang='lat' dir='ltr'>ASCHAFNABURG.</span> <span class='ocrx_word' id='word_1_5' title='bbox 2000 271 2180 326; x_wconf 75' lang='lat' dir='ltr'>P.-\RS</span> <span class='ocrx_word' id='word_1_6' title='bbox 2218 273 2494 328; x_wconf 78' lang='lat' dir='ltr'>ALTERA</span> <span class='ocrx_word' id='word_1_7' title='bbox 2535 275 2867 329; x_wconf 79' lang='lat' dir='ltr'>GENUINA.</span> <span class='ocrx_word' id='word_1_8' title='bbox 3474 277 3578 327; x_wconf 81' lang='lat'>5‘70</span> 
     </span>
    </p>
   </div>
   <div class='ocr_carea' id='block_1_2' title="bbox 447 389 3110 454">
    <p class='ocr_par' dir='ltr' id='par_1_2' title="bbox 447 389 3110 454">
     <span class='ocr_line' id='line_1_2' title="bbox 447 389 3110 454; baseline 0.003 -13"><span class='ocrx_word' id='word_1_9' title='bbox 447 389 772 445; x_wconf 76' lang='lat' dir='ltr'>ANNALES</span> <span class='ocrx_word' id='word_1_10' title='bbox 821 389 1486 451; x_wconf 73' lang='lat' dir='ltr'>HILDESHEIMENSES.</span> <span class='ocrx_word' id='word_1_11' title='bbox 2382 399 2725 454; x_wconf 74' lang='lat' dir='ltr'>LAMBERTI</span> <span class='ocrx_word' id='word_1_12' title='bbox 2768 397 3110 452; x_wconf 65' lang='lat' dir='ltr'>ANNALES.</span> 
     </span>
    </p>
   </div>
   <div class='ocr_carea' id='block_1_3' title="bbox 126 465 3576 556">
    <p class='ocr_par' dir='ltr' id='par_1_3' title="bbox 126 465 3576 556">
     <span class='ocr_line' id='line_1_3' title="bbox 126 465 3576 556; baseline 0.003 -29"><span class='ocrx_word' id='word_1_13' title='bbox 126 465 356 529; x_wconf 83' lang='lat' dir='ltr'>litanus</span> <span class='ocrx_word' id='word_1_14' title='bbox 389 475 779 549; x_wconf 70' lang='lat' dir='ltr'>archipraasul</span> <span class='ocrx_word' id='word_1_15' title='bbox 807 478 972 535; x_wconf 90' lang='lat' dir='ltr'>obiit.</span> <span class='ocrx_word' id='word_1_16' title='bbox 1025 482 1129 536; x_wconf 87' lang='lat' dir='ltr'>Cui</span> <span class='ocrx_word' id='word_1_17' title='bbox 1175 483 1547 552; x_wconf 82' lang='lat' dir='ltr'>Hunfrithus,</span> <span class='ocrx_word' id='word_1_18' title='bbox 1586 485 1674 538; x_wconf 91' lang='lat' dir='ltr'>vir</span> <span class='ocrx_word' id='word_1_19' title='bbox 1699 499 1804 556; x_wconf 89' lang='lat' dir='ltr'>per</span> <span class='ocrx_word' id='word_1_20' title='bbox 1911 484 2230 556; x_wconf 89' lang='lat' dir='ltr'>episcopus</span> <span class='ocrx_word' id='word_1_21' title='bbox 2273 484 2462 539; x_wconf 90' lang='lat' dir='ltr'>factus</span> <span class='ocrx_word' id='word_1_22' title='bbox 2517 489 2606 540; x_wconf 87' lang='lat' dir='ltr'>est</span> <span class='ocrx_word' id='word_1_23' title='bbox 2655 484 3187 550; x_wconf 85' lang='lat' dir='ltr'>Halberstatensis;</span> <span class='ocrx_word' id='word_1_24' title='bbox 3244 482 3576 539; x_wconf 80' lang='lat' dir='ltr'>Richardus</span> 
     </span>
    </p>
   </div>
   <div class='ocr_carea' id='block_1_4' title="bbox 128 563 2971 646">
    <p class='ocr_par' dir='ltr' id='par_1_4' title="bbox 128 563 2971 646">
     <span class='ocr_line' id='line_1_4' title="bbox 128 563 2971 646; baseline 0.004 -30"><span class='ocrx_word' id='word_1_25' title='bbox 128 563 342 618; x_wconf 83' lang='lat' dir='ltr'>omnia</span> <span class='ocrx_word' id='word_1_26' title='bbox 391 563 467 619; x_wconf 86' lang='lat' dir='ltr'>ad</span> <span class='ocrx_word' id='word_1_27' title='bbox 525 581 706 621; x_wconf 92' lang='lat' dir='ltr'>usum</span> <span class='ocrx_word' id='word_1_28' title='bbox 751 573 953 623; x_wconf 84' lang='lat' dir='ltr'>sancte</span> <span class='ocrx_word' id='word_1_29' title='bbox 1004 571 1264 627; x_wconf 69' lang='lat' dir='ltr'>ecclesiae</span> <span class='ocrx_word' id='word_1_30' title='bbox 1315 574 1800 646; x_wconf 87' lang='lat' dir='ltr'>probatissimus,</span> <span class='ocrx_word' id='word_1_31' title='bbox 1912 574 2056 642; x_wconf 89' lang='lat'>(353)</span> <span class='ocrx_word' id='word_1_32' title='bbox 2089 573 2276 629; x_wconf 88' lang='lat' dir='ltr'>factus</span> <span class='ocrx_word' id='word_1_33' title='bbox 2303 578 2389 628; x_wconf 91' lang='lat' dir='ltr'>est</span> <span class='ocrx_word' id='word_1_34' title='bbox 2420 574 2614 629; x_wconf 85' lang='lat' dir='ltr'>abbas</span> <span class='ocrx_word' id='word_1_35' title='bbox 2643 573 2971 628; x_wconf 77' lang='lat' dir='ltr'>Fuldensis.</span> 
     </span>
    </p>
   </div>
   <div class='ocr_carea' id='block_1_5' title="bbox 129 653 1798 736">
    <p class='ocr_par' dir='ltr' id='par_1_5' title="bbox 129 653 1798 736">
     <span class='ocr_line' id='line_1_5' title="bbox 129 653 1798 736; baseline 0.007 -30"><span class='ocrx_word' id='word_1_36' title='bbox 129 653 442 708; x_wconf 83' lang='lat' dir='ltr'>successit.</span> <span class='ocrx_word' id='word_1_37' title='bbox 460 655 740 711; x_wconf 82' lang='lat' dir='ltr'>Arnolqu</span> <span class='ocrx_word' id='word_1_38' title='bbox 759 657 1257 715; x_wconf 81' lang='lat' dir='ltr'>Halberstatensis</span> <span class='ocrx_word' id='word_1_39' title='bbox 1275 663 1597 736; x_wconf 89' lang='lat' dir='ltr'>episcopus</span> <span class='ocrx_word' id='word_1_40' title='bbox 1621 663 1766 717; x_wconf 90' lang='lat' dir='ltr'>obiit</span> <span class='ocrx_word' id='word_1_41' title='bbox 1787 681 1798 731; x_wconf 93' lang='lat'>;</span> 
     </span>
    </p>
   </div>
   <div class='ocr_carea' id='block_1_6' title="bbox 129 741 3148 821">
    <p class='ocr_par' dir='ltr' id='par_1_6' title="bbox 129 741 3148 821">
     <span class='ocr_line' id='line_1_6' title="bbox 129 741 3148 821; baseline 0.003 -26"><span class='ocrx_word' id='word_1_42' title='bbox 129 741 233 796; x_wconf 91' lang='lat' dir='ltr'>cui</span> <span class='ocrx_word' id='word_1_43' title='bbox 265 741 570 814; x_wconf 86' lang='lat' dir='ltr'>Branthog</span> <span class='ocrx_word' id='word_1_44' title='bbox 601 745 984 803; x_wconf 84' lang='lat' dir='ltr'>Fuldensium</span> <span class='ocrx_word' id='word_1_45' title='bbox 1007 749 1150 804; x_wconf 90' lang='lat' dir='ltr'>olim</span> <span class='ocrx_word' id='word_1_46' title='bbox 1184 750 1378 807; x_wconf 80' lang='lat' dir='ltr'>abbas</span> <span class='ocrx_word' id='word_1_47' title='bbox 1407 751 1714 807; x_wconf 84' lang='lat' dir='ltr'>successit.</span> <span class='ocrx_word' id='word_1_48' title='bbox 1751 750 2127 806; x_wconf 88' lang='lat' dir='ltr'>Bernhardus</span> <span class='ocrx_word' id='word_1_49' title='bbox 2158 752 2304 821; x_wconf 90' lang='grc'>(348)</span> <span class='ocrx_word' id='word_1_50' title='bbox 2335 751 2881 814; x_wconf 86' lang='lat' dir='ltr'>Haldenburgensis</span> <span class='ocrx_word' id='word_1_51' title='bbox 2904 750 3148 805; x_wconf 80' lang='lat' dir='ltr'>antistes</span> 
     </span>
    </p>
   </div>
   <div class='ocr_carea' id='block_1_7' title="bbox 126 829 3147 912">
    <p class='ocr_par' dir='ltr' id='par_1_7' title="bbox 126 829 3147 912">
     <span class='ocr_line' id='line_1_7' title="bbox 126 829 3147 912; baseline 0.003 -29"><span class='ocrx_word' id='word_1_52' title='bbox 126 829 510 896; x_wconf 86' lang='lat' dir='ltr'>abstollitur;</span> <span class='ocrx_word' id='word_1_53' title='bbox 545 838 680 904; x_wconf 84' lang='lat' dir='ltr'>post</span> <span class='ocrx_word' id='word_1_54' title='bbox 708 851 891 906; x_wconf 88' lang='lat' dir='ltr'>quem</span> <span class='ocrx_word' id='word_1_55' title='bbox 923 837 1242 893; x_wconf 84' lang='lat' dir='ltr'>Reinoldus</span> <span class='ocrx_word' id='word_1_56' title='bbox 1273 840 1658 895; x_wconf 84' lang='lat' dir='ltr'>subinfertur.</span> <span class='ocrx_word' id='word_1_57' title='bbox 1696 843 1961 895; x_wconf 91' lang='lat' dir='ltr'>Domnus</span> <span class='ocrx_word' id='word_1_58' title='bbox 1994 840 2387 895; x_wconf 82' lang='lat' dir='ltr'>Godehardus</span> <span class='ocrx_word' id='word_1_59' title='bbox 2421 841 2616 912; x_wconf 85' lang='lat' dir='ltr'>prima</span> <span class='ocrx_word' id='word_1_60' title='bbox 2646 845 2784 911; x_wconf 91' lang='lat' dir='ltr'>post</span> <span class='ocrx_word' id='word_1_61' title='bbox 2814 839 3147 894; x_wconf 83' lang='lat' dir='ltr'>ordinacio-</span> 
     </span>
    </p>
   </div>
   <div class='ocr_carea' id='block_1_8' title="bbox 128 921 3147 1001">
    <p class='ocr_par' dir='ltr' id='par_1_8' title="bbox 128 921 3147 1001">
     <span class='ocr_line' id='line_1_8' title="bbox 128 921 3147 1001; baseline 0.003 -29"><span class='ocrx_word' id='word_1_62' title='bbox 128 933 276 973; x_wconf 89' lang='lat' dir='ltr'>nem</span> <span class='ocrx_word' id='word_1_63' title='bbox 310 935 484 974; x_wconf 88' lang='lat' dir='ltr'>suam</span> <span class='ocrx_word' id='word_1_64' title='bbox 520 921 708 977; x_wconf 62' lang='lat' dir='ltr'>testati</span> <span class='ocrx_word' id='word_1_65' title='bbox 739 923 1059 994; x_wconf 89' lang='lat' dir='ltr'>pulchrum</span> <span class='ocrx_word' id='word_1_66' title='bbox 1093 929 1530 983; x_wconf 79' lang='lat' dir='ltr'>monasterium</span> <span class='ocrx_word' id='word_1_67' title='bbox 1561 929 1621 982; x_wconf 91' lang='lat' dir='ltr'>in</span> <span class='ocrx_word' id='word_1_68' title='bbox 1654 928 1902 984; x_wconf 85' lang='lat' dir='ltr'>australi</span> <span class='ocrx_word' id='word_1_69' title='bbox 1930 932 2078 998; x_wconf 83' lang='grc'>(340)</span> <span class='ocrx_word' id='word_1_70' title='bbox 2110 933 2276 1000; x_wconf 89' lang='lat' dir='ltr'>parte</span> <span class='ocrx_word' id='word_1_71' title='bbox 2311 929 2659 1001; x_wconf 83' lang='lat' dir='ltr'>principalis</span> <span class='ocrx_word' id='word_1_72' title='bbox 2699 935 2915 983; x_wconf 73' lang='lat' dir='ltr'>nostrae</span> <span class='ocrx_word' id='word_1_73' title='bbox 2962 927 3147 982; x_wconf 89' lang='lat' dir='ltr'>eccle-</span> 
     </span>
    </p>
   </div>
   <div class='ocr_carea' id='block_1_9' title="bbox 131 1006 3153 1086">
    <p class='ocr_par' dir='ltr' id='par_1_9' title="bbox 131 1006 3153 1086">
     <span class='ocr_line' id='line_1_9' title="bbox 131 1006 3153 1086; baseline 0.003 -26"><span class='ocrx_word' id='word_1_74' title='bbox 131 1006 241 1061; x_wconf 78' lang='lat' dir='ltr'>siae</span> <span class='ocrx_word' id='word_1_75' title='bbox 271 1007 598 1065; x_wconf 79' lang='lat' dir='ltr'>honorifice</span> <span class='ocrx_word' id='word_1_76' title='bbox 625 1009 933 1066; x_wconf 83' lang='lat' dir='ltr'>fundendo</span> <span class='ocrx_word' id='word_1_77' title='bbox 961 1014 1278 1071; x_wconf 85' lang='lat' dir='ltr'>inchoavit.</span> <span class='ocrx_word' id='word_1_78' title='bbox 1315 1017 1714 1072; x_wconf 80' lang='lat' dir='ltr'>Wolframnus</span> <span class='ocrx_word' id='word_1_79' title='bbox 1745 1017 1819 1072; x_wconf 90' lang='lat' dir='ltr'>de</span> <span class='ocrx_word' id='word_1_80' title='bbox 1864 1018 2077 1072; x_wconf 89' lang='lat' dir='ltr'>eadem</span> <span class='ocrx_word' id='word_1_81' title='bbox 2121 1018 2596 1086; x_wconf 82' lang='lat' dir='ltr'>congregacione</span> <span class='ocrx_word' id='word_1_82' title='bbox 2655 1017 2873 1072; x_wconf 89' lang='lat' dir='ltr'>electus</span> <span class='ocrx_word' id='word_1_83' title='bbox 2926 1017 3153 1071; x_wconf 91' lang='lat' dir='ltr'>domno</span> 
     </span>
    </p>
   </div>
   <div class='ocr_carea' id='block_1_10' title="bbox 131 1094 2011 1161">
    <p class='ocr_par' dir='ltr' id='par_1_10' title="bbox 131 1094 2011 1161">
     <span class='ocr_line' id='line_1_10' title="bbox 131 1094 2011 1161; baseline 0.008 -12"><span class='ocrx_word' id='word_1_84' title='bbox 131 1094 493 1152; x_wconf 87' lang='lat' dir='ltr'>Godehardo</span> <span class='ocrx_word' id='word_1_85' title='bbox 525 1098 828 1154; x_wconf 86' lang='lat' dir='ltr'>successit.</span> <span class='ocrx_word' id='word_1_86' title='bbox 864 1101 1169 1156; x_wconf 86' lang='lat' dir='ltr'>Liudolfus</span> <span class='ocrx_word' id='word_1_87' title='bbox 1197 1119 1399 1159; x_wconf 90' lang='lat' dir='ltr'>comes</span> <span class='ocrx_word' id='word_1_88' title='bbox 1432 1104 1596 1161; x_wconf 92' lang='lat' dir='ltr'>obiit.</span> <span class='ocrx_word' id='word_1_89' title='bbox 2010 1100 2011 1103; x_wconf 4' lang='lat' dir='ltr'>C</span> 
     </span>
    </p>
   </div>
   <div class='ocr_carea' id='block_1_11' title="bbox 207 1246 3572 1329">
    <p class='ocr_par' dir='ltr' id='par_1_11' title="bbox 207 1246 3572 1329">
     <span class='ocr_line' id='line_1_11' title="bbox 207 1246 3572 1329; baseline 0.003 -29"><span class='ocrx_word' id='word_1_90' title='bbox 207 1249 366 1301; x_wconf 85' lang='grc'>1024.</span> <span class='ocrx_word' id='word_1_91' title='bbox 407 1246 532 1303; x_wconf 91' lang='lat' dir='ltr'>ind.</span> <span class='ocrx_word' id='word_1_92' title='bbox 567 1255 595 1302; x_wconf 82' lang='lat'>7</span> <span class='ocrx_word' id='word_1_93' title='bbox 643 1249 990 1306; x_wconf 88' lang='lat' dir='ltr'>Heinrichus</span> <span class='ocrx_word' id='word_1_94' title='bbox 1044 1252 1370 1325; x_wconf 86' lang='lat' dir='ltr'>imperator</span> <span class='ocrx_word' id='word_1_95' title='bbox 1427 1257 1797 1313; x_wconf 85' lang='lat' dir='ltr'>nativitatem</span> <span class='ocrx_word' id='word_1_96' title='bbox 1983 1262 2138 1313; x_wconf 94' lang='grc'>1024.</span> <span class='ocrx_word' id='word_1_97' title='bbox 2185 1258 2493 1314; x_wconf 86' lang='lat' dir='ltr'>Heinricus</span> <span class='ocrx_word' id='word_1_98' title='bbox 2525 1258 2830 1314; x_wconf 90' lang='lat' dir='ltr'>secundus</span> <span class='ocrx_word' id='word_1_99' title='bbox 2860 1274 2964 1314; x_wconf 92' lang='lat' dir='ltr'>rex</span> <span class='ocrx_word' id='word_1_100' title='bbox 3010 1258 3337 1329; x_wconf 87' lang='lat' dir='ltr'>imperator</span> <span class='ocrx_word' id='word_1_101' title='bbox 3385 1255 3572 1321; x_wconf 91' lang='lat' dir='ltr'>obiit;</span> 
     </span>
    </p>
   </div>
   <div class='ocr_carea' id='block_1_12' title="bbox 130 1334 2726 1419">
    <p class='ocr_par' dir='ltr' id='par_1_12' title="bbox 130 1334 2726 1419">
     <span class='ocr_line' id='line_1_12' title="bbox 130 1334 2726 1419; baseline 0.004 -29"><span class='ocrx_word' id='word_1_102' title='bbox 130 1334 341 1390; x_wconf 83' lang='lat' dir='ltr'>Christi</span> <span class='ocrx_word' id='word_1_103' title='bbox 374 1336 743 1407; x_wconf 88' lang='lat' dir='ltr'>Babenberg,</span> <span class='ocrx_word' id='word_1_104' title='bbox 779 1340 1006 1410; x_wconf 84' lang='lat' dir='ltr'>pascha</span> <span class='ocrx_word' id='word_1_105' title='bbox 1046 1343 1488 1418; x_wconf 84' lang='lat' dir='ltr'>Parthenopoli,</span> <span class='ocrx_word' id='word_1_106' title='bbox 1517 1352 1796 1419; x_wconf 88' lang='lat' dir='ltr'>penteco-</span> <span class='ocrx_word' id='word_1_107' title='bbox 1909 1348 2002 1403; x_wconf 92' lang='lat' dir='ltr'>cui</span> <span class='ocrx_word' id='word_1_108' title='bbox 2032 1349 2320 1404; x_wconf 86' lang='lat' dir='ltr'>successit</span> <span class='ocrx_word' id='word_1_109' title='bbox 2352 1349 2726 1405; x_wconf 84' lang='lat' dir='ltr'>Cuonradus.</span> 
     </span>
    </p>
   </div>
   <div class='ocr_carea' id='block_1_13' title="bbox 127 1426 1801 1507">
    <p class='ocr_par' dir='ltr' id='par_1_13' title="bbox 127 1426 1801 1507">
     <span class='ocr_line' id='line_1_13' title="bbox 127 1426 1801 1507; baseline 0.01 -31"><span class='ocrx_word' id='word_1_110' title='bbox 127 1426 259 1478; x_wconf 91' lang='lat' dir='ltr'>sten</span> <span class='ocrx_word' id='word_1_111' title='bbox 291 1440 434 1480; x_wconf 88' lang='lat' dir='ltr'>vero</span> <span class='ocrx_word' id='word_1_112' title='bbox 458 1426 695 1482; x_wconf 89' lang='lat' dir='ltr'>Goslare</span> <span class='ocrx_word' id='word_1_113' title='bbox 722 1428 1048 1485; x_wconf 80' lang='lat' dir='ltr'>honorifice</span> <span class='ocrx_word' id='word_1_114' title='bbox 1081 1432 1416 1489; x_wconf 83' lang='lat' dir='ltr'>celebravit.</span> <span class='ocrx_word' id='word_1_115' title='bbox 1450 1435 1559 1500; x_wconf 79' lang='lat' dir='ltr'>Qui</span> <span class='ocrx_word' id='word_1_116' title='bbox 1592 1441 1801 1507; x_wconf 86' lang='lat' dir='ltr'>postea</span> 
     </span>
    </p>
   </div>
   <div class='ocr_carea' id='block_1_14' title="bbox 126 1513 3142 1595">
    <p class='ocr_par' dir='ltr' id='par_1_14' title="bbox 126 1513 3142 1595">
     <span class='ocr_line' id='line_1_14' title="bbox 126 1513 3142 1595; baseline 0.005 -30"><span class='ocrx_word' id='word_1_117' title='bbox 126 1514 332 1567; x_wconf 86' lang='lat' dir='ltr'>Gruna</span> <span class='ocrx_word' id='word_1_118' title='bbox 358 1513 533 1582; x_wconf 81' lang='lat' dir='ltr'>venit,</span> <span class='ocrx_word' id='word_1_119' title='bbox 562 1519 618 1570; x_wconf 92' lang='lat' dir='ltr'>et</span> <span class='ocrx_word' id='word_1_120' title='bbox 642 1514 723 1569; x_wconf 86' lang='lat' dir='ltr'>ibi</span> <span class='ocrx_word' id='word_1_121' title='bbox 754 1515 1043 1584; x_wconf 91' lang='lat' dir='ltr'>languore</span> <span class='ocrx_word' id='word_1_122' title='bbox 1077 1527 1384 1592; x_wconf 88' lang='lat' dir='ltr'>correptus</span> <span class='ocrx_word' id='word_1_123' title='bbox 1416 1523 1701 1579; x_wconf 86' lang='lat' dir='ltr'>decubuit</span> <span class='ocrx_word' id='word_1_124' title='bbox 1732 1542 1743 1579; x_wconf 94' lang='lat'><strong>:</strong></span> <span class='ocrx_word' id='word_1_125' title='bbox 1779 1529 1835 1580; x_wconf 88' lang='lat' dir='ltr'>et</span> <span class='ocrx_word' id='word_1_126' title='bbox 1860 1542 1999 1580; x_wconf 90' lang='lat' dir='ltr'>cum</span> <span class='ocrx_word' id='word_1_127' title='bbox 2024 1526 2201 1580; x_wconf 90' lang='lat' dir='ltr'>totius</span> <span class='ocrx_word' id='word_1_128' title='bbox 2232 1526 2400 1595; x_wconf 86' lang='lat' dir='ltr'>regni</span> <span class='ocrx_word' id='word_1_129' title='bbox 2437 1542 2687 1584; x_wconf 81' lang='lat' dir='ltr'>merore.</span> <span class='ocrx_word' id='word_1_130' title='bbox 2732 1525 2808 1579; x_wconf 90' lang='lat' dir='ltr'>ah</span> <span class='ocrx_word' id='word_1_131' title='bbox 2841 1525 2852 1578; x_wconf 83' lang='lat' dir='ltr'>l</span> <span class='ocrx_word' id='word_1_132' title='bbox 2916 1525 3031 1579; x_wconf 86' lang='lat' dir='ltr'>ah!</span> <span class='ocrx_word' id='word_1_133' title='bbox 3092 1531 3142 1579; x_wconf 88' lang='lat'>3.</span> 
     </span>
    </p>
   </div>
   <div class='ocr_carea' id='block_1_15' title="bbox 126 1599 3147 1685">
    <p class='ocr_par' dir='ltr' id='par_1_15' title="bbox 126 1599 3147 1685">
     <span class='ocr_line' id='line_1_15' title="bbox 126 1599 3147 1685; baseline 0.004 -31"><span class='ocrx_word' id='word_1_134' title='bbox 126 1599 268 1656; x_wconf 90' lang='lat' dir='ltr'>ldus</span> <span class='ocrx_word' id='word_1_135' title='bbox 297 1601 429 1656; x_wconf 84' lang='lat' dir='ltr'>Julii</span> <span class='ocrx_word' id='word_1_136' title='bbox 459 1603 768 1659; x_wconf 88' lang='lat' dir='ltr'>hominem</span> <span class='ocrx_word' id='word_1_137' title='bbox 799 1605 1094 1677; x_wconf 88' lang='lat' dir='ltr'>deposuit.</span> <span class='ocrx_word' id='word_1_138' title='bbox 1133 1609 1245 1664; x_wconf 89' lang='lat' dir='ltr'>Sed</span> <span class='ocrx_word' id='word_1_139' title='bbox 1277 1616 1344 1665; x_wconf 88' lang='lat'>22</span> <span class='ocrx_word' id='word_1_140' title='bbox 1379 1613 1573 1682; x_wconf 88' lang='lat' dir='ltr'>annis,</span> <span class='ocrx_word' id='word_1_141' title='bbox 1605 1614 1962 1685; x_wconf 85' lang='lat' dir='ltr'>epdomadis</span> <span class='ocrx_word' id='word_1_142' title='bbox 2051 1620 2107 1669; x_wconf 90' lang='lat' dir='ltr'>et</span> <span class='ocrx_word' id='word_1_143' title='bbox 2137 1620 2183 1669; x_wconf 93' lang='lat'>1.</span> <span class='ocrx_word' id='word_1_144' title='bbox 2218 1614 2379 1669; x_wconf 90' lang='lat' dir='ltr'>diem</span> <span class='ocrx_word' id='word_1_145' title='bbox 2419 1614 2706 1682; x_wconf 81' lang='lat' dir='ltr'>regnavit.</span> <span class='ocrx_word' id='word_1_146' title='bbox 2755 1613 2969 1668; x_wconf 79' lang='lat' dir='ltr'>Anima</span> <span class='ocrx_word' id='word_1_147' title='bbox 3019 1614 3147 1683; x_wconf 88' lang='lat' dir='ltr'>ejus</span> 
     </span>
    </p>
   </div>
   <div class='ocr_carea' id='block_1_16' title="bbox 126 1689 760 1762">
    <p class='ocr_par' dir='ltr' id='par_1_16' title="bbox 126 1689 760 1762">
     <span class='ocr_line' id='line_1_16' title="bbox 126 1689 760 1762; baseline 0.006 -19"><span class='ocrx_word' id='word_1_148' title='bbox 126 1689 470 1761; x_wconf 87' lang='lat' dir='ltr'>requiescat</span> <span class='ocrx_word' id='word_1_149' title='bbox 499 1691 559 1746; x_wconf 91' lang='lat' dir='ltr'>in</span> <span class='ocrx_word' id='word_1_150' title='bbox 592 1707 760 1762; x_wconf 89' lang='lat' dir='ltr'>pace.</span> 
     </span>
    </p>
   </div>
   <div class='ocr_carea' id='block_1_17' title="bbox 612 1808 2456 1888">
    <p class='ocr_par' dir='ltr' id='par_1_17' title="bbox 612 1808 2456 1888">
     <span class='ocr_line' id='line_1_17' title="bbox 612 1808 2456 1888; baseline 0.005 -28"><span class='ocrx_word' id='word_1_151' title='bbox 612 1808 716 1861; x_wconf 90' lang='lat' dir='ltr'>Det</span> <span class='ocrx_word' id='word_1_152' title='bbox 746 1809 896 1877; x_wconf 80' lang='grc'>(350)</span> <span class='ocrx_word' id='word_1_153' title='bbox 924 1810 1192 1880; x_wconf 89' lang='lat' dir='ltr'>requiem</span> <span class='ocrx_word' id='word_1_154' title='bbox 1219 1813 1440 1880; x_wconf 87' lang='lat' dir='ltr'>anime,</span> <span class='ocrx_word' id='word_1_155' title='bbox 1468 1815 1571 1886; x_wconf 92' lang='lat' dir='ltr'>qui</span> <span class='ocrx_word' id='word_1_156' title='bbox 1603 1820 1820 1872; x_wconf 89' lang='lat' dir='ltr'>cuncta</span> <span class='ocrx_word' id='word_1_157' title='bbox 1847 1816 2143 1884; x_wconf 75' lang='lat' dir='ltr'>gubernat</span> <span class='ocrx_word' id='word_1_158' title='bbox 2183 1816 2410 1888; x_wconf 88' lang='lat' dir='ltr'>ubique</span> <span class='ocrx_word' id='word_1_159' title='bbox 2446 1816 2456 1870; x_wconf 87' lang='lat'>!</span> 
     </span>
    </p>
   </div>
   <div class='ocr_carea' id='block_1_18' title="bbox 200 1892 3142 1970">
    <p class='ocr_par' dir='ltr' id='par_1_18' title="bbox 200 1892 3142 1970">
     <span class='ocr_line' id='line_1_18' title="bbox 200 1892 3142 1970; baseline 0.004 -25"><span class='ocrx_word' id='word_1_160' title='bbox 200 1892 352 1947; x_wconf 90' lang='lat' dir='ltr'>Huic</span> <span class='ocrx_word' id='word_1_161' title='bbox 377 1909 644 1966; x_wconf 88' lang='lat' dir='ltr'>namque</span> <span class='ocrx_word' id='word_1_162' title='bbox 673 1899 722 1950; x_wconf 88' lang='lat'>6.</span> <span class='ocrx_word' id='word_1_163' title='bbox 756 1895 893 1950; x_wconf 92' lang='lat' dir='ltr'>ldus</span> <span class='ocrx_word' id='word_1_164' title='bbox 923 1899 1286 1968; x_wconf 87' lang='lat' dir='ltr'>Septembris</span> <span class='ocrx_word' id='word_1_165' title='bbox 1320 1903 1674 1959; x_wconf 87' lang='lat' dir='ltr'>Cuonradus</span> <span class='ocrx_word' id='word_1_166' title='bbox 1699 1921 1952 1970; x_wconf 88' lang='lat' dir='ltr'>regnum</span> <span class='ocrx_word' id='word_1_167' title='bbox 2003 1905 2378 1960; x_wconf 87' lang='lat' dir='ltr'>subintravit.</span> <span class='ocrx_word' id='word_1_168' title='bbox 2443 1904 2648 1960; x_wconf 91' lang='lat' dir='ltr'>Senior</span> <span class='ocrx_word' id='word_1_169' title='bbox 2700 1908 2903 1959; x_wconf 84' lang='lat' dir='ltr'>noster</span> <span class='ocrx_word' id='word_1_170' title='bbox 2951 1904 3142 1958; x_wconf 88' lang='lat' dir='ltr'>Gode-</span> 
     </span>
    </p>
   </div>
   <div class='ocr_carea' id='block_1_19' title="bbox 124 1981 3146 2064">
    <p class='ocr_par' dir='ltr' id='par_1_19' title="bbox 124 1981 3146 2064">
     <span class='ocr_line' id='line_1_19' title="bbox 124 1981 3146 2064; baseline 0.004 -29"><span class='ocrx_word' id='word_1_171' title='bbox 124 1981 358 2036; x_wconf 82' lang='lat' dir='ltr'>bardus</span> <span class='ocrx_word' id='word_1_172' title='bbox 389 1988 615 2038; x_wconf 89' lang='lat' dir='ltr'>curtem</span> <span class='ocrx_word' id='word_1_173' title='bbox 643 2001 816 2040; x_wconf 91' lang='lat' dir='ltr'>suam</span> <span class='ocrx_word' id='word_1_174' title='bbox 848 1986 926 2040; x_wconf 89' lang='lat' dir='ltr'>ad</span> <span class='ocrx_word' id='word_1_175' title='bbox 955 1987 1306 2044; x_wconf 88' lang='lat' dir='ltr'>orientalem</span> <span class='ocrx_word' id='word_1_176' title='bbox 1364 1998 1597 2062; x_wconf 85' lang='lat' dir='ltr'>partem</span> <span class='ocrx_word' id='word_1_177' title='bbox 1655 1999 1870 2048; x_wconf 84' lang='lat' dir='ltr'>nostrae</span> <span class='ocrx_word' id='word_1_178' title='bbox 1913 1994 2184 2062; x_wconf 89' lang='lat' dir='ltr'>civitatis,</span> <span class='ocrx_word' id='word_1_179' title='bbox 2241 1993 2302 2048; x_wconf 92' lang='lat' dir='ltr'>in</span> <span class='ocrx_word' id='word_1_180' title='bbox 2349 1993 2483 2048; x_wconf 92' lang='lat' dir='ltr'>loco</span> <span class='ocrx_word' id='word_1_181' title='bbox 2543 1993 2647 2064; x_wconf 93' lang='lat' dir='ltr'>qui</span> <span class='ocrx_word' id='word_1_182' title='bbox 2706 1993 2922 2048; x_wconf 88' lang='lat' dir='ltr'>dicitur</span> <span class='ocrx_word' id='word_1_183' title='bbox 2975 1991 3146 2048; x_wconf 86' lang='lat' dir='ltr'>Sulza</span> 
     </span>
    </p>
   </div>
   <div class='ocr_carea' id='block_1_20' title="bbox 125 2067 461 2126">
    <p class='ocr_par' dir='ltr' id='par_1_20' title="bbox 125 2067 461 2126">
     <span class='ocr_line' id='line_1_20' title="bbox 125 2067 461 2126; baseline 0.009 -3"><span class='ocrx_word' id='word_1_184' title='bbox 125 2067 461 2126; x_wconf 86' lang='lat' dir='ltr'>fabricavit.</span> 
     </span>
    </p>
   </div>
   <div class='ocr_carea' id='block_1_21' title="bbox 203 2221 1770 2290">
    <p class='ocr_par' dir='ltr' id='par_1_21' title="bbox 203 2221 1770 2289">
     <span class='ocr_line' id='line_1_21' title="bbox 203 2221 1770 2289; baseline 0.008 -15"><span class='ocrx_word' id='word_1_185' title='bbox 203 2224 364 2277; x_wconf 86' lang='lat'>1025.</span> <span class='ocrx_word' id='word_1_186' title='bbox 418 2221 542 2278; x_wconf 91' lang='lat' dir='ltr'>ind.</span> <span class='ocrx_word' id='word_1_187' title='bbox 597 2227 648 2280; x_wconf 92' lang='lat'>8.</span> <span class='ocrx_word' id='word_1_188' title='bbox 708 2227 1064 2284; x_wconf 90' lang='lat' dir='ltr'>Cuonradus</span> <span class='ocrx_word' id='word_1_189' title='bbox 1121 2247 1222 2286; x_wconf 89' lang='lat' dir='ltr'>rex</span> <span class='ocrx_word' id='word_1_190' title='bbox 1272 2232 1535 2288; x_wconf 89' lang='lat' dir='ltr'>natalem</span> <span class='ocrx_word' id='word_1_191' title='bbox 1589 2233 1770 2289; x_wconf 80' lang='lat' dir='ltr'>Christ</span> 
     </span>
    </p>
   </div>
   <div class='ocr_carea' id='block_1_22' title="bbox 572 2221 2139 2290">
    <p class='ocr_par' dir='ltr' id='par_1_22' title="bbox 597 2227 2139 2290">
     <span class='ocr_line' id='line_1_22' title="bbox 597 2227 2139 2290; baseline 0.007 -11"><span class='ocrx_word' id='word_1_192' title='bbox 597 2227 648 2280; x_wconf 92' lang='lat'>8.</span> <span class='ocrx_word' id='word_1_193' title='bbox 708 2227 1064 2284; x_wconf 90' lang='lat' dir='ltr'>Cuonradus</span> <span class='ocrx_word' id='word_1_194' title='bbox 1121 2247 1222 2286; x_wconf 89' lang='lat' dir='ltr'>rex</span> <span class='ocrx_word' id='word_1_195' title='bbox 1272 2232 1535 2288; x_wconf 89' lang='lat' dir='ltr'>natalem</span> <span class='ocrx_word' id='word_1_196' title='bbox 1589 2233 1799 2289; x_wconf 88' lang='lat' dir='ltr'>Christi</span> <span class='ocrx_word' id='word_1_197' title='bbox 1985 2239 2139 2290; x_wconf 85' lang='lat'>1025.</span> 
     </span>
    </p>
   </div>
   <div class='ocr_carea' id='block_1_23' title="bbox 124 2309 1799 2393">
    <p class='ocr_par' dir='ltr' id='par_1_23' title="bbox 124 2309 1799 2393">
     <span class='ocr_line' id='line_1_23' title="bbox 124 2309 1799 2393; baseline 0.008 -29"><span class='ocrx_word' id='word_1_198' title='bbox 124 2309 325 2365; x_wconf 82' lang='lat' dir='ltr'>Mindo</span> <span class='ocrx_word' id='word_1_199' title='bbox 383 2328 522 2368; x_wconf 92' lang='lat' dir='ltr'>cum</span> <span class='ocrx_word' id='word_1_200' title='bbox 571 2313 794 2384; x_wconf 83' lang='lat' dir='ltr'>ingenti</span> <span class='ocrx_word' id='word_1_201' title='bbox 851 2318 1040 2385; x_wconf 84' lang='lat' dir='ltr'>gloria</span> <span class='ocrx_word' id='word_1_202' title='bbox 1097 2324 1152 2374; x_wconf 92' lang='lat' dir='ltr'>et</span> <span class='ocrx_word' id='word_1_203' title='bbox 1204 2320 1399 2376; x_wconf 84' lang='lat' dir='ltr'>leticia</span> <span class='ocrx_word' id='word_1_204' title='bbox 1436 2323 1682 2393; x_wconf 76' lang='lat' dir='ltr'>peregit.</span> <span class='ocrx_word' id='word_1_205' title='bbox 1719 2323 1799 2377; x_wconf 89' lang='lat' dir='ltr'>lbi</span> 
     </span>
    </p>
   </div>
   <div class='ocr_carea' id='block_1_24' title="bbox 125 2398 3144 2479">
    <p class='ocr_par' dir='ltr' id='par_1_24' title="bbox 125 2398 3144 2479">
     <span class='ocr_line' id='line_1_24' title="bbox 125 2398 3144 2479; baseline 0.003 -27"><span class='ocrx_word' id='word_1_206' title='bbox 125 2398 308 2453; x_wconf 88' lang='lat' dir='ltr'>etiam</span> <span class='ocrx_word' id='word_1_207' title='bbox 336 2399 647 2471; x_wconf 91' lang='lat' dir='ltr'>plurimos,</span> <span class='ocrx_word' id='word_1_208' title='bbox 676 2404 779 2475; x_wconf 91' lang='lat' dir='ltr'>qui</span> <span class='ocrx_word' id='word_1_209' title='bbox 809 2405 1090 2477; x_wconf 61' lang='lat' dir='ltr'>priedicte</span> <span class='ocrx_word' id='word_1_210' title='bbox 1125 2409 1254 2478; x_wconf 91' lang='lat' dir='ltr'>ejus</span> <span class='ocrx_word' id='word_1_211' title='bbox 1285 2409 1556 2464; x_wconf 90' lang='lat' dir='ltr'>electioni</span> <span class='ocrx_word' id='word_1_212' title='bbox 1594 2427 1717 2465; x_wconf 91' lang='lat' dir='ltr'>non</span> <span class='ocrx_word' id='word_1_213' title='bbox 1748 2411 2089 2476; x_wconf 90' lang='lat' dir='ltr'>intererant,</span> <span class='ocrx_word' id='word_1_214' title='bbox 2119 2411 2330 2466; x_wconf 89' lang='lat' dir='ltr'>obvios</span> <span class='ocrx_word' id='word_1_215' title='bbox 2361 2410 2591 2474; x_wconf 90' lang='lat' dir='ltr'>habuit,</span> <span class='ocrx_word' id='word_1_216' title='bbox 2643 2424 2978 2479; x_wconf 82' lang='lat' dir='ltr'>omnesque</span> <span class='ocrx_word' id='word_1_217' title='bbox 3030 2407 3144 2462; x_wconf 91' lang='lat' dir='ltr'>sibi</span> 
     </span>
    </p>
   </div>
   <div class='ocr_carea' id='block_1_25' title="bbox 125 2485 3140 2567">
    <p class='ocr_par' dir='ltr' id='par_1_25' title="bbox 125 2485 3140 2567">
     <span class='ocr_line' id='line_1_25' title="bbox 125 2485 3140 2567; baseline 0.003 -27"><span class='ocrx_word' id='word_1_218' title='bbox 125 2485 381 2543; x_wconf 89' lang='lat' dir='ltr'>devotos</span> <span class='ocrx_word' id='word_1_219' title='bbox 413 2488 472 2544; x_wconf 91' lang='lat' dir='ltr'>in</span> <span class='ocrx_word' id='word_1_220' title='bbox 500 2491 753 2560; x_wconf 87' lang='lat' dir='ltr'>gratiam</span> <span class='ocrx_word' id='word_1_221' title='bbox 780 2496 1020 2566; x_wconf 91' lang='lat' dir='ltr'>recepit.</span> <span class='ocrx_word' id='word_1_222' title='bbox 1075 2497 1301 2553; x_wconf 82' lang='lat' dir='ltr'>Pascha</span> <span class='ocrx_word' id='word_1_223' title='bbox 1345 2515 1486 2553; x_wconf 87' lang='lat' dir='ltr'>vero</span> <span class='ocrx_word' id='word_1_224' title='bbox 1532 2500 1954 2567; x_wconf 79' lang='lat' dir='ltr'>Regenesburh</span> <span class='ocrx_word' id='word_1_225' title='bbox 2015 2500 2356 2555; x_wconf 89' lang='lat' dir='ltr'>celebravit.</span> <span class='ocrx_word' id='word_1_226' title='bbox 2420 2503 2688 2554; x_wconf 89' lang='lat' dir='ltr'>Domnus</span> <span class='ocrx_word' id='word_1_227' title='bbox 2745 2496 3140 2551; x_wconf 88' lang='lat' dir='ltr'>Godehardus</span> 
     </span>
    </p>
   </div>
   <div class='ocr_carea' id='block_1_26' title="bbox 127 2579 3144 2659">
    <p class='ocr_par' dir='ltr' id='par_1_26' title="bbox 127 2579 3144 2659">
     <span class='ocr_line' id='line_1_26' title="bbox 127 2579 3144 2659; baseline 0.002 -29"><span class='ocrx_word' id='word_1_228' title='bbox 127 2581 399 2633; x_wconf 89' lang='lat' dir='ltr'>montem</span> <span class='ocrx_word' id='word_1_229' title='bbox 427 2579 757 2651; x_wconf 90' lang='lat' dir='ltr'>spetiosum</span> <span class='ocrx_word' id='word_1_230' title='bbox 779 2582 845 2637; x_wconf 84' lang='lat' dir='ltr'>in</span> <span class='ocrx_word' id='word_1_231' title='bbox 877 2584 1229 2642; x_wconf 87' lang='lat' dir='ltr'>occidentali</span> <span class='ocrx_word' id='word_1_232' title='bbox 1259 2593 1426 2659; x_wconf 89' lang='lat' dir='ltr'>parte</span> <span class='ocrx_word' id='word_1_233' title='bbox 1458 2588 1710 2644; x_wconf 87' lang='lat' dir='ltr'>civitatis</span> <span class='ocrx_word' id='word_1_234' title='bbox 1744 2593 1944 2644; x_wconf 90' lang='lat' dir='ltr'>nostre</span> <span class='ocrx_word' id='word_1_235' title='bbox 1990 2589 2246 2644; x_wconf 89' lang='lat' dir='ltr'>incolere</span> <span class='ocrx_word' id='word_1_236' title='bbox 2293 2588 2467 2659; x_wconf 89' lang='lat' dir='ltr'>cepit,</span> <span class='ocrx_word' id='word_1_237' title='bbox 2523 2603 2706 2658; x_wconf 90' lang='lat' dir='ltr'>quem</span> <span class='ocrx_word' id='word_1_238' title='bbox 2734 2591 2942 2658; x_wconf 90' lang='lat' dir='ltr'>postea</span> <span class='ocrx_word' id='word_1_239' title='bbox 2977 2584 3144 2638; x_wconf 92' lang='lat' dir='ltr'>titulo</span> 
     </span>
    </p>
   </div>
   <div class='ocr_carea' id='block_1_27' title="bbox 131 2667 1964 2748">
    <p class='ocr_par' dir='ltr' id='par_1_27' title="bbox 131 2667 1964 2748">
     <span class='ocr_line' id='line_1_27' title="bbox 131 2667 1964 2748; baseline 0.007 -28"><span class='ocrx_word' id='word_1_240' title='bbox 131 2681 201 2720; x_wconf 91' lang='lat' dir='ltr'>ac</span> <span class='ocrx_word' id='word_1_241' title='bbox 234 2667 466 2723; x_wconf 89' lang='lat' dir='ltr'>nomini</span> <span class='ocrx_word' id='word_1_242' title='bbox 497 2669 687 2725; x_wconf 89' lang='lat' dir='ltr'>sancti</span> <span class='ocrx_word' id='word_1_243' title='bbox 725 2671 980 2727; x_wconf 84' lang='lat' dir='ltr'>Mauricii</span> <span class='ocrx_word' id='word_1_244' title='bbox 1005 2675 1227 2730; x_wconf 89' lang='lat' dir='ltr'>summi</span> <span class='ocrx_word' id='word_1_245' title='bbox 1259 2676 1349 2730; x_wconf 90' lang='lat' dir='ltr'>sui</span> <span class='ocrx_word' id='word_1_246' title='bbox 1380 2677 1616 2748; x_wconf 88' lang='lat' dir='ltr'>patroni</span> <span class='ocrx_word' id='word_1_247' title='bbox 1648 2677 1964 2734; x_wconf 76' lang='lat' dir='ltr'>dedicavit.</span> 
     </span>
    </p>
   </div>
   <div class='ocr_carea' id='block_1_28' title="bbox 202 2820 2137 2891">
    <p class='ocr_par' dir='ltr' id='par_1_28' title="bbox 202 2820 2137 2891">
     <span class='ocr_line' id='line_1_28' title="bbox 202 2820 2137 2891; baseline 0.005 -18"><span class='ocrx_word' id='word_1_248' title='bbox 202 2822 340 2875; x_wconf 85' lang='lat'>1026</span> <span class='ocrx_word' id='word_1_249' title='bbox 371 2820 542 2891; x_wconf 90' lang='lat'>(351).</span> <span class='ocrx_word' id='word_1_250' title='bbox 577 2821 702 2878; x_wconf 92' lang='lat' dir='ltr'>ind.</span> <span class='ocrx_word' id='word_1_251' title='bbox 731 2827 783 2879; x_wconf 79' lang='grc' dir='ltr'>ο.</span> <span class='ocrx_word' id='word_1_252' title='bbox 819 2825 1172 2881; x_wconf 90' lang='lat' dir='ltr'>Cuonradus</span> <span class='ocrx_word' id='word_1_253' title='bbox 1204 2843 1306 2882; x_wconf 88' lang='lat' dir='ltr'>rex</span> <span class='ocrx_word' id='word_1_254' title='bbox 1339 2827 1604 2883; x_wconf 89' lang='lat' dir='ltr'>natalem</span> <span class='ocrx_word' id='word_1_255' title='bbox 1637 2827 1798 2884; x_wconf 86' lang='lat' dir='ltr'>Chri-</span> <span class='ocrx_word' id='word_1_256' title='bbox 1983 2831 2137 2883; x_wconf 84' lang='lat'>1026.</span> 
     </span>
    </p>
   </div>
   <div class='ocr_carea' id='block_1_29' title="bbox 127 2906 1799 2980">
    <p class='ocr_par' dir='ltr' id='par_1_29' title="bbox 127 2906 1799 2980">
     <span class='ocr_line' id='line_1_29' title="bbox 127 2906 1799 2980; baseline 0.007 -19"><span class='ocrx_word' id='word_1_257' title='bbox 127 2906 200 2962; x_wconf 91' lang='lat' dir='ltr'>sti</span> <span class='ocrx_word' id='word_1_258' title='bbox 233 2906 542 2980; x_wconf 81' lang='lat' dir='ltr'>Lindburg</span> <span class='ocrx_word' id='word_1_259' title='bbox 567 2909 872 2967; x_wconf 90' lang='lat' dir='ltr'>celebriter</span> <span class='ocrx_word' id='word_1_260' title='bbox 901 2912 1150 2969; x_wconf 90' lang='lat' dir='ltr'>feriavit.</span> <span class='ocrx_word' id='word_1_261' title='bbox 1173 2915 1609 2971; x_wconf 83' lang='lat' dir='ltr'>Wolframmus</span> <span class='ocrx_word' id='word_1_262' title='bbox 1644 2915 1799 2972; x_wconf 86' lang='lat' dir='ltr'>Alta-</span> 
     </span>
    </p>
   </div>
   <div class='ocr_carea' id='block_1_30' title="bbox 124 2995 3140 3073">
    <p class='ocr_par' dir='ltr' id='par_1_30' title="bbox 124 2995 3140 3073">
     <span class='ocr_line' id='line_1_30' title="bbox 124 2995 3140 3073; baseline 0.001 -23"><span class='ocrx_word' id='word_1_263' title='bbox 124 2995 328 3051; x_wconf 91' lang='lat' dir='ltr'>hensis</span> <span class='ocrx_word' id='word_1_264' title='bbox 359 2996 551 3054; x_wconf 88' lang='lat' dir='ltr'>abbas</span> <span class='ocrx_word' id='word_1_265' title='bbox 581 2997 744 3054; x_wconf 91' lang='lat' dir='ltr'>obiit.</span> <span class='ocrx_word' id='word_1_266' title='bbox 779 3001 961 3072; x_wconf 87' lang='lat' dir='ltr'>Cujus</span> <span class='ocrx_word' id='word_1_267' title='bbox 1001 3002 1060 3057; x_wconf 90' lang='lat' dir='ltr'>in</span> <span class='ocrx_word' id='word_1_268' title='bbox 1090 3002 1291 3059; x_wconf 90' lang='lat' dir='ltr'>locum</span> <span class='ocrx_word' id='word_1_269' title='bbox 1323 3005 1696 3060; x_wconf 82' lang='lat' dir='ltr'>Ratmundus</span> <span class='ocrx_word' id='word_1_270' title='bbox 1720 3009 1806 3060; x_wconf 89' lang='lat' dir='ltr'>est</span> <span class='ocrx_word' id='word_1_271' title='bbox 1836 3005 2080 3073; x_wconf 89' lang='lat' dir='ltr'>electus,</span> <span class='ocrx_word' id='word_1_272' title='bbox 2105 3008 2162 3059; x_wconf 92' lang='lat' dir='ltr'>et</span> <span class='ocrx_word' id='word_1_273' title='bbox 2191 3003 2290 3058; x_wconf 92' lang='lat' dir='ltr'>Dei</span> <span class='ocrx_word' id='word_1_274' title='bbox 2318 3002 2510 3073; x_wconf 86' lang='lat' dir='ltr'>gratia</span> <span class='ocrx_word' id='word_1_275' title='bbox 2537 3006 2936 3057; x_wconf 86' lang='lat' dir='ltr'>consecratus.</span> <span class='ocrx_word' id='word_1_276' title='bbox 2969 3001 3140 3055; x_wconf 89' lang='lat' dir='ltr'>Pater</span> 
     </span>
    </p>
   </div>
   <div class='ocr_carea' id='block_1_31' title="bbox 124 3083 3135 3162">
    <p class='ocr_par' dir='ltr' id='par_1_31' title="bbox 124 3083 3135 3162">
     <span class='ocr_line' id='line_1_31' title="bbox 124 3083 3135 3162; baseline 0.002 -24"><span class='ocrx_word' id='word_1_277' title='bbox 124 3083 518 3142; x_wconf 86' lang='lat' dir='ltr'>Godehardus</span> <span class='ocrx_word' id='word_1_278' title='bbox 549 3087 663 3144; x_wconf 92' lang='lat' dir='ltr'>hoc</span> <span class='ocrx_word' id='word_1_279' title='bbox 681 3104 841 3145; x_wconf 91' lang='lat' dir='ltr'>anno</span> <span class='ocrx_word' id='word_1_280' title='bbox 873 3091 1228 3162; x_wconf 62' lang='lat' dir='ltr'>praedictum</span> <span class='ocrx_word' id='word_1_281' title='bbox 1259 3109 1487 3149; x_wconf 89' lang='lat' dir='ltr'>novum</span> <span class='ocrx_word' id='word_1_282' title='bbox 1515 3099 1791 3149; x_wconf 87' lang='lat' dir='ltr'>nostrum</span> <span class='ocrx_word' id='word_1_283' title='bbox 1823 3093 2264 3150; x_wconf 89' lang='lat' dir='ltr'>monasterium</span> <span class='ocrx_word' id='word_1_284' title='bbox 2295 3092 2355 3146; x_wconf 93' lang='lat' dir='ltr'>in</span> <span class='ocrx_word' id='word_1_285' title='bbox 2403 3090 2758 3146; x_wconf 90' lang='lat' dir='ltr'>occidentali</span> <span class='ocrx_word' id='word_1_286' title='bbox 2808 3094 2975 3162; x_wconf 86' lang='lat' dir='ltr'>parte</span> <span class='ocrx_word' id='word_1_287' title='bbox 3027 3105 3135 3143; x_wconf 93' lang='lat' dir='ltr'>no-</span> 
     </span>
    </p>
   </div>
   <div class='ocr_carea' id='block_1_32' title="bbox 127 3174 3139 3254">
    <p class='ocr_par' dir='ltr' id='par_1_32' title="bbox 127 3174 3139 3254">
     <span class='ocr_line' id='line_1_32' title="bbox 127 3174 3139 3254; baseline 0.001 -27"><span class='ocrx_word' id='word_1_288' title='bbox 127 3177 263 3229; x_wconf 65' lang='lat' dir='ltr'>strae</span> <span class='ocrx_word' id='word_1_289' title='bbox 293 3174 642 3248; x_wconf 88' lang='lat' dir='ltr'>principalis</span> <span class='ocrx_word' id='word_1_290' title='bbox 675 3179 939 3234; x_wconf 69' lang='lat' dir='ltr'>ecclesiae</span> <span class='ocrx_word' id='word_1_291' title='bbox 976 3184 1058 3236; x_wconf 81' lang='lat'>17.</span> <span class='ocrx_word' id='word_1_292' title='bbox 1089 3180 1220 3234; x_wconf 84' lang='lat' dir='ltr'>Kal.</span> <span class='ocrx_word' id='word_1_293' title='bbox 1254 3182 1616 3253; x_wconf 89' lang='lat' dir='ltr'>Septembris</span> <span class='ocrx_word' id='word_1_294' title='bbox 1648 3190 1709 3237; x_wconf 82' lang='lat' dir='ltr'>tn</span> <span class='ocrx_word' id='word_1_295' title='bbox 1741 3184 1969 3238; x_wconf 86' lang='lat' dir='ltr'>honore</span> <span class='ocrx_word' id='word_1_296' title='bbox 2002 3181 2322 3254; x_wconf 89' lang='lat' dir='ltr'>passionis,</span> <span class='ocrx_word' id='word_1_297' title='bbox 2372 3179 2876 3243; x_wconf 86' lang='lat' dir='ltr'>ressurrectionis,</span> <span class='ocrx_word' id='word_1_298' title='bbox 2928 3193 3139 3231; x_wconf 87' lang='lat' dir='ltr'>ascen-</span> 
     </span>
    </p>
   </div>
   <div class='ocr_carea' id='block_1_33' title="bbox 124 3263 3135 3341">
    <p class='ocr_par' dir='ltr' id='par_1_33' title="bbox 124 3263 3135 3341">
     <span class='ocr_line' id='line_1_33' title="bbox 124 3263 3135 3341; baseline 0.001 -23"><span class='ocrx_word' id='word_1_299' title='bbox 124 3263 311 3318; x_wconf 88' lang='lat' dir='ltr'>sionis</span> <span class='ocrx_word' id='word_1_300' title='bbox 335 3264 546 3320; x_wconf 87' lang='lat' dir='ltr'>Christi</span> <span class='ocrx_word' id='word_1_301' title='bbox 573 3265 938 3323; x_wconf 90' lang='lat' dir='ltr'>sollemniter</span> <span class='ocrx_word' id='word_1_302' title='bbox 960 3271 1347 3326; x_wconf 87' lang='lat' dir='ltr'>consecravit.</span> <span class='ocrx_word' id='word_1_303' title='bbox 1384 3271 1760 3327; x_wconf 81' lang='lat' dir='ltr'>Ekkihardus</span> <span class='ocrx_word' id='word_1_304' title='bbox 1791 3270 2194 3327; x_wconf 89' lang='lat' dir='ltr'>Sliesvicensis</span> <span class='ocrx_word' id='word_1_305' title='bbox 2221 3269 2540 3341; x_wconf 86' lang='lat' dir='ltr'>episcopus</span> <span class='ocrx_word' id='word_1_306' title='bbox 2580 3268 2741 3323; x_wconf 88' lang='lat' dir='ltr'>obiit.</span> <span class='ocrx_word' id='word_1_307' title='bbox 2779 3266 2882 3320; x_wconf 91' lang='lat' dir='ltr'>Cui</span> <span class='ocrx_word' id='word_1_308' title='bbox 2917 3265 3135 3321; x_wconf 82' lang='lat' dir='ltr'>Rodul-</span> 
     </span>
    </p>
   </div>
   <div class='ocr_carea' id='block_1_34' title="bbox 127 3350 1522 3425">
    <p class='ocr_par' dir='ltr' id='par_1_34' title="bbox 127 3350 1522 3425">
     <span class='ocr_line' id='line_1_34' title="bbox 127 3350 1522 3425; baseline 0.006 -20"><span class='ocrx_word' id='word_1_309' title='bbox 127 3350 245 3418; x_wconf 87' lang='lat' dir='ltr'>fus,</span> <span class='ocrx_word' id='word_1_310' title='bbox 273 3351 347 3406; x_wconf 92' lang='lat' dir='ltr'>de</span> <span class='ocrx_word' id='word_1_311' title='bbox 381 3352 718 3409; x_wconf 88' lang='lat' dir='ltr'>Coloniensi</span> <span class='ocrx_word' id='word_1_312' title='bbox 748 3355 906 3411; x_wconf 89' lang='lat' dir='ltr'>clero</span> <span class='ocrx_word' id='word_1_313' title='bbox 937 3356 1181 3425; x_wconf 89' lang='lat' dir='ltr'>electus,</span> <span class='ocrx_word' id='word_1_314' title='bbox 1217 3359 1522 3414; x_wconf 88' lang='lat' dir='ltr'>successit.</span> 
     </span>
    </p>
   </div>
   <div class='ocr_carea' id='block_1_35' title="bbox 200 3498 3572 3583">
    <p class='ocr_par' dir='ltr' id='par_1_35' title="bbox 200 3498 3572 3583">
     <span class='ocr_line' id='line_1_35' title="bbox 200 3498 3572 3583; baseline -0.002 -25"><span class='ocrx_word' id='word_1_315' title='bbox 200 3507 360 3560; x_wconf 81' lang='lat'>1027.</span> <span class='ocrx_word' id='word_1_316' title='bbox 388 3504 513 3561; x_wconf 91' lang='lat' dir='ltr'>ind.</span> <span class='ocrx_word' id='word_1_317' title='bbox 552 3510 635 3561; x_wconf 94' lang='lat'>10.</span> <span class='ocrx_word' id='word_1_318' title='bbox 671 3508 1023 3563; x_wconf 91' lang='lat' dir='ltr'>Cuonradus</span> <span class='ocrx_word' id='word_1_319' title='bbox 1052 3525 1154 3564; x_wconf 85' lang='lat' dir='ltr'>rex</span> <span class='ocrx_word' id='word_1_320' title='bbox 1201 3510 1260 3564; x_wconf 90' lang='lat' dir='ltr'>in</span> <span class='ocrx_word' id='word_1_321' title='bbox 1312 3510 1541 3583; x_wconf 90' lang='lat' dir='ltr'>pascha</span> <span class='ocrx_word' id='word_1_322' title='bbox 1591 3513 1790 3565; x_wconf 70' lang='lat' dir='ltr'>Romae</span> <span class='ocrx_word' id='word_1_323' title='bbox 1977 3512 2132 3563; x_wconf 82' lang='lat'>1027.</span> <span class='ocrx_word' id='word_1_324' title='bbox 2177 3506 2529 3562; x_wconf 88' lang='lat' dir='ltr'>Cuonradus</span> <span class='ocrx_word' id='word_1_325' title='bbox 2582 3522 2684 3560; x_wconf 88' lang='lat' dir='ltr'>rex</span> <span class='ocrx_word' id='word_1_326' title='bbox 2748 3505 3073 3576; x_wconf 88' lang='lat' dir='ltr'>imperator</span> <span class='ocrx_word' id='word_1_327' title='bbox 3125 3502 3318 3556; x_wconf 90' lang='lat' dir='ltr'>factus</span> <span class='ocrx_word' id='word_1_328' title='bbox 3373 3503 3464 3554; x_wconf 90' lang='lat' dir='ltr'>est</span> <span class='ocrx_word' id='word_1_329' title='bbox 3509 3498 3572 3552; x_wconf 90' lang='lat' dir='ltr'>in</span> 
     </span>
    </p>
   </div>
   <div class='ocr_carea' id='block_1_36' title="bbox 123 3589 3574 3669">
    <p class='ocr_par' dir='ltr' id='par_1_36' title="bbox 123 3589 3574 3669">
     <span class='ocr_line' id='line_1_36' title="bbox 123 3589 3574 3669; baseline -0.002 -23"><span class='ocrx_word' id='word_1_330' title='bbox 123 3593 457 3664; x_wconf 88' lang='lat' dir='ltr'>imperator</span> <span class='ocrx_word' id='word_1_331' title='bbox 487 3594 679 3650; x_wconf 88' lang='lat' dir='ltr'>factus</span> <span class='ocrx_word' id='word_1_332' title='bbox 710 3601 816 3651; x_wconf 89' lang='lat' dir='ltr'>est.</span> <span class='ocrx_word' id='word_1_333' title='bbox 867 3600 931 3653; x_wconf 87' lang='lat' dir='ltr'>Et</span> <span class='ocrx_word' id='word_1_334' title='bbox 968 3597 1124 3653; x_wconf 86' lang='lat' dir='ltr'>filius</span> <span class='ocrx_word' id='word_1_335' title='bbox 1158 3600 1288 3669; x_wconf 90' lang='lat' dir='ltr'>ejus</span> <span class='ocrx_word' id='word_1_336' title='bbox 1344 3600 1647 3654; x_wconf 86' lang='lat' dir='ltr'>Heinricus</span> <span class='ocrx_word' id='word_1_337' title='bbox 1691 3616 1795 3654; x_wconf 89' lang='lat' dir='ltr'>rex</span> <span class='ocrx_word' id='word_1_338' title='bbox 1902 3597 2148 3669; x_wconf 82' lang='lat' dir='ltr'>pascha.</span> <span class='ocrx_word' id='word_1_339' title='bbox 2183 3595 2582 3656; x_wconf 86' lang='lat' dir='ltr'>Gevchardus,</span> <span class='ocrx_word' id='word_1_340' title='bbox 2641 3593 2820 3648; x_wconf 88' lang='lat' dir='ltr'>frater</span> <span class='ocrx_word' id='word_1_341' title='bbox 2876 3589 3272 3663; x_wconf 87' lang='lat' dir='ltr'>imperatoris,</span> <span class='ocrx_word' id='word_1_342' title='bbox 3328 3591 3574 3642; x_wconf 87' lang='lat' dir='ltr'>coactus</span> 
     </span>
    </p>
   </div>
   <div class='ocr_carea' id='block_1_37' title="bbox 125 3681 2722 3759">
    <p class='ocr_par' dir='ltr' id='par_1_37' title="bbox 125 3681 2722 3759">
     <span class='ocr_line' id='line_1_37' title="bbox 125 3681 2722 3759; baseline 0 -24"><span class='ocrx_word' id='word_1_343' title='bbox 125 3681 253 3736; x_wconf 86' lang='lat' dir='ltr'>dux</span> <span class='ocrx_word' id='word_1_344' title='bbox 311 3682 558 3753; x_wconf 68' lang='lat' dir='ltr'>Bajariaa</span> <span class='ocrx_word' id='word_1_345' title='bbox 609 3702 736 3740; x_wconf 88' lang='lat' dir='ltr'>esse</span> <span class='ocrx_word' id='word_1_346' title='bbox 797 3685 968 3758; x_wconf 90' lang='lat' dir='ltr'>cepit.</span> <span class='ocrx_word' id='word_1_347' title='bbox 1035 3687 1293 3743; x_wconf 89' lang='lat' dir='ltr'>Sinodus</span> <span class='ocrx_word' id='word_1_348' title='bbox 1369 3688 1662 3759; x_wconf 83' lang='lat' dir='ltr'>generalis</span> <span class='ocrx_word' id='word_1_349' title='bbox 1732 3689 1793 3743; x_wconf 90' lang='lat' dir='ltr'>in</span> <span class='ocrx_word' id='word_1_350' title='bbox 1903 3691 1988 3740; x_wconf 90' lang='lat' dir='ltr'>est</span> <span class='ocrx_word' id='word_1_351' title='bbox 2020 3701 2091 3740; x_wconf 83' lang='lat' dir='ltr'>ex</span> <span class='ocrx_word' id='word_1_352' title='bbox 2121 3684 2273 3740; x_wconf 89' lang='lat' dir='ltr'>laico</span> <span class='ocrx_word' id='word_1_353' title='bbox 2305 3683 2551 3738; x_wconf 90' lang='lat' dir='ltr'>clericus</span> <span class='ocrx_word' id='word_1_354' title='bbox 2577 3681 2722 3736; x_wconf 81' lang='lat' dir='ltr'>fieri.</span> 
     </span>
    </p>
   </div>
   <div class='ocr_carea' id='block_1_38' title="bbox 127 3773 3115 3866">
    <p class='ocr_par' dir='ltr' id='par_1_38' title="bbox 127 3773 3115 3866">
     <span class='ocr_line' id='line_1_38' title="bbox 127 3773 3115 3866; baseline 0.002 -40"><span class='ocrx_word' id='word_1_355' title='bbox 127 3773 618 3829; x_wconf 86' lang='lat' dir='ltr'>Franconovurdi</span> <span class='ocrx_word' id='word_1_356' title='bbox 648 3774 1072 3848; x_wconf 89' lang='lat' dir='ltr'>episcoporum</span> <span class='ocrx_word' id='word_1_357' title='bbox 1247 3783 1537 3848; x_wconf 83' lang='lat' dir='ltr'>praesente</span> <span class='ocrx_word' id='word_1_358' title='bbox 1599 3781 1793 3833; x_wconf 90' lang='lat' dir='ltr'>Cuon-</span> <span class='ocrx_word' id='word_1_359' title='bbox 2544 3859 2559 3866; x_wconf 67' lang='lat'><em>_</em></span> <span class='ocrx_word' id='word_1_360' title='bbox 2633 3859 2647 3866; x_wconf 72' lang='lat'>_</span> <span class='ocrx_word' id='word_1_361' title='bbox 2987 3862 2994 3866; x_wconf 20' lang='grc' dir='ltr'><em>Α</em></span> <span class='ocrx_word' id='word_1_362' title='bbox 3104 3857 3115 3866; x_wconf 28' lang='grc'><strong><em>1</em></strong></span> 
     </span>
    </p>
   </div>
   <div class='ocr_carea' id='block_1_39' title="bbox 124 3859 3145 3936">
    <p class='ocr_par' dir='ltr' id='par_1_39' title="bbox 124 3859 3145 3936">
     <span class='ocr_line' id='line_1_39' title="bbox 124 3859 3145 3936; baseline -0.001 -20"><span class='ocrx_word' id='word_1_363' title='bbox 124 3860 276 3916; x_wconf 90' lang='lat' dir='ltr'>rado</span> <span class='ocrx_word' id='word_1_364' title='bbox 308 3861 691 3934; x_wconf 83' lang='lat' dir='ltr'>imperatore,</span> <span class='ocrx_word' id='word_1_365' title='bbox 711 3863 770 3918; x_wconf 92' lang='lat' dir='ltr'>in</span> <span class='ocrx_word' id='word_1_366' title='bbox 797 3880 920 3936; x_wconf 89' lang='lat' dir='ltr'>qua</span> <span class='ocrx_word' id='word_1_367' title='bbox 949 3865 1211 3920; x_wconf 89' lang='lat' dir='ltr'>domnus</span> <span class='ocrx_word' id='word_1_368' title='bbox 1244 3865 1636 3920; x_wconf 81' lang='lat' dir='ltr'>Godehardus</span> <span class='ocrx_word' id='word_1_369' title='bbox 1668 3863 1956 3920; x_wconf 91' lang='lat' dir='ltr'>diocesim</span> <span class='ocrx_word' id='word_1_370' title='bbox 1983 3878 2156 3918; x_wconf 88' lang='lat' dir='ltr'>suam</span> <span class='ocrx_word' id='word_1_371' title='bbox 2187 3877 2367 3933; x_wconf 89' lang='lat' dir='ltr'>super</span> <span class='ocrx_word' id='word_1_372' title='bbox 2395 3859 2950 3915; x_wconf 86' lang='lat' dir='ltr'>Gandeshemensse</span> <span class='ocrx_word' id='word_1_373' title='bbox 2984 3859 3145 3912; x_wconf 86' lang='lat' dir='ltr'>terri-</span> 
     </span>
    </p>
   </div>
   <div class='ocr_carea' id='block_1_40' title="bbox 123 3946 3141 4026">
    <p class='ocr_par' dir='ltr' id='par_1_40' title="bbox 123 3946 3141 4026">
     <span class='ocr_line' id='line_1_40' title="bbox 123 3946 3141 4026; baseline 0.001 -22"><span class='ocrx_word' id='word_1_374' title='bbox 123 3950 348 4005; x_wconf 86' lang='lat' dir='ltr'>torium</span> <span class='ocrx_word' id='word_1_375' title='bbox 379 3951 668 4007; x_wconf 90' lang='lat' dir='ltr'>canonice</span> <span class='ocrx_word' id='word_1_376' title='bbox 698 3952 955 4017; x_wconf 89' lang='lat' dir='ltr'>retinuit,</span> <span class='ocrx_word' id='word_1_377' title='bbox 1011 3953 1350 4009; x_wconf 89' lang='lat' dir='ltr'>testimonio</span> <span class='ocrx_word' id='word_1_378' title='bbox 1405 3961 1432 4009; x_wconf 77' lang='grc' dir='ltr'><strong><em>τ</em></strong></span> <span class='ocrx_word' id='word_1_379' title='bbox 1487 3954 1931 4026; x_wconf 90' lang='lat' dir='ltr'>episcoporum,</span> <span class='ocrx_word' id='word_1_380' title='bbox 1985 3951 2279 4006; x_wconf 89' lang='lat' dir='ltr'>Brunonis</span> <span class='ocrx_word' id='word_1_381' title='bbox 2343 3949 2754 4018; x_wconf 81' lang='lat' dir='ltr'>Augustensis,</span> <span class='ocrx_word' id='word_1_382' title='bbox 2813 3946 3141 4002; x_wconf 78' lang='lat' dir='ltr'>Eberhardi</span> 
     </span>
    </p>
   </div>
   <div class='ocr_carea' id='block_1_41' title="bbox 125 4036 3143 4112">
    <p class='ocr_par' dir='ltr' id='par_1_41' title="bbox 125 4036 3143 4112">
     <span class='ocr_line' id='line_1_41' title="bbox 125 4036 3143 4112; baseline -0.001 -19"><span class='ocrx_word' id='word_1_383' title='bbox 125 4038 660 4109; x_wconf 86' lang='lat' dir='ltr'>Bavenbergensis,</span> <span class='ocrx_word' id='word_1_384' title='bbox 694 4042 1063 4107; x_wconf 76' lang='lat' dir='ltr'>Meginwreci</span> <span class='ocrx_word' id='word_1_385' title='bbox 1089 4044 1645 4112; x_wconf 83' lang='lat' dir='ltr'>Paterbrunnensis,</span> <span class='ocrx_word' id='word_1_386' title='bbox 1677 4043 2044 4112; x_wconf 81' lang='lat' dir='ltr'>Meginhardi</span> <span class='ocrx_word' id='word_1_387' title='bbox 2074 4040 2598 4109; x_wconf 79' lang='lat' dir='ltr'>Werziburgensis,</span> <span class='ocrx_word' id='word_1_388' title='bbox 2637 4037 2986 4092; x_wconf 80' lang='lat' dir='ltr'>Hildiwardi</span> <span class='ocrx_word' id='word_1_389' title='bbox 3015 4036 3143 4091; x_wconf 84' lang='lat' dir='ltr'>Citi-</span> 
     </span>
    </p>
   </div>
   <div class='ocr_carea' id='block_1_42' title="bbox 124 4126 3140 4202">
    <p class='ocr_par' dir='ltr' id='par_1_42' title="bbox 124 4126 3140 4202">
     <span class='ocr_line' id='line_1_42' title="bbox 124 4126 3140 4202; baseline -0.001 -21"><span class='ocrx_word' id='word_1_390' title='bbox 124 4127 346 4193; x_wconf 89' lang='lat' dir='ltr'>censis,</span> <span class='ocrx_word' id='word_1_391' title='bbox 382 4127 692 4196; x_wconf 85' lang='lat' dir='ltr'>Sigiberthi</span> <span class='ocrx_word' id='word_1_392' title='bbox 717 4130 1054 4197; x_wconf 77' lang='lat' dir='ltr'>Mindensis,</span> <span class='ocrx_word' id='word_1_393' title='bbox 1092 4133 1383 4187; x_wconf 86' lang='lat' dir='ltr'>Brunonis</span> <span class='ocrx_word' id='word_1_394' title='bbox 1410 4132 1921 4202; x_wconf 77' lang='lat' dir='ltr'>Mersiburgensis.</span> <span class='ocrx_word' id='word_1_395' title='bbox 1957 4136 2021 4186; x_wconf 93' lang='lat' dir='ltr'>ln</span> <span class='ocrx_word' id='word_1_396' title='bbox 2051 4132 2162 4186; x_wconf 88' lang='lat' dir='ltr'>hac</span> <span class='ocrx_word' id='word_1_397' title='bbox 2196 4129 2409 4184; x_wconf 86' lang='lat' dir='ltr'>sinodo</span> <span class='ocrx_word' id='word_1_398' title='bbox 2450 4127 2837 4183; x_wconf 81' lang='lat' dir='ltr'>Gebehardus</span> <span class='ocrx_word' id='word_1_399' title='bbox 2876 4126 3140 4196; x_wconf 79' lang='lat' dir='ltr'>juvenis,</span> 
     </span>
    </p>
   </div>
   <div class='ocr_carea' id='block_1_43' title="bbox 123 4215 3140 4293">
    <p class='ocr_par' dir='ltr' id='par_1_43' title="bbox 123 4215 3140 4293">
     <span class='ocr_line' id='line_1_43' title="bbox 123 4215 3140 4293; baseline -0.002 -23"><span class='ocrx_word' id='word_1_400' title='bbox 123 4217 307 4271; x_wconf 82' lang='lat' dir='ltr'>frater</span> <span class='ocrx_word' id='word_1_401' title='bbox 346 4216 743 4290; x_wconf 90' lang='lat' dir='ltr'>imperatoris,</span> <span class='ocrx_word' id='word_1_402' title='bbox 809 4235 980 4274; x_wconf 89' lang='lat' dir='ltr'>arma</span> <span class='ocrx_word' id='word_1_403' title='bbox 1001 4220 1354 4292; x_wconf 90' lang='lat' dir='ltr'>compulsus</span> <span class='ocrx_word' id='word_1_404' title='bbox 1385 4221 1684 4293; x_wconf 89' lang='lat' dir='ltr'>deposuit,</span> <span class='ocrx_word' id='word_1_405' title='bbox 1717 4226 1772 4276; x_wconf 92' lang='lat' dir='ltr'>et</span> <span class='ocrx_word' id='word_1_406' title='bbox 1802 4219 2133 4276; x_wconf 89' lang='lat' dir='ltr'>clericalem</span> <span class='ocrx_word' id='word_1_407' title='bbox 2182 4223 2491 4274; x_wconf 87' lang='lat' dir='ltr'>tonsuram</span> <span class='ocrx_word' id='word_1_408' title='bbox 2541 4217 2788 4288; x_wconf 89' lang='lat' dir='ltr'>accepit.</span> <span class='ocrx_word' id='word_1_409' title='bbox 2835 4215 3140 4285; x_wconf 78' lang='lat' dir='ltr'>Wiggerus</span> 
     </span>
    </p>
   </div>
   <div class='ocr_carea' id='block_1_44' title="bbox 124 4305 1380 4378">
    <p class='ocr_par' dir='ltr' id='par_1_44' title="bbox 124 4305 1380 4378">
     <span class='ocr_line' id='line_1_44' title="bbox 124 4305 1380 4378; baseline 0.005 -19"><span class='ocrx_word' id='word_1_410' title='bbox 124 4305 424 4378; x_wconf 89' lang='lat' dir='ltr'>presbiter</span> <span class='ocrx_word' id='word_1_411' title='bbox 452 4311 670 4362; x_wconf 85' lang='lat' dir='ltr'>nostrae</span> <span class='ocrx_word' id='word_1_412' title='bbox 702 4309 1187 4378; x_wconf 83' lang='lat' dir='ltr'>congregationis</span> <span class='ocrx_word' id='word_1_413' title='bbox 1215 4310 1380 4366; x_wconf 92' lang='lat' dir='ltr'>obiit.</span> 
     </span>
    </p>
   </div>
   <div class='ocr_carea' id='block_1_45' title="bbox 203 4449 3573 4546">
    <p class='ocr_par' dir='ltr' id='par_1_45' title="bbox 203 4449 3573 4546">
     <span class='ocr_line' id='line_1_45' title="bbox 203 4449 3573 4546; baseline -0.003 -33"><span class='ocrx_word' id='word_1_414' title='bbox 203 4462 360 4514; x_wconf 87' lang='lat'>1028.</span> <span class='ocrx_word' id='word_1_415' title='bbox 404 4457 528 4513; x_wconf 90' lang='lat' dir='ltr'>ind.</span> <span class='ocrx_word' id='word_1_416' title='bbox 566 4464 649 4514; x_wconf 86' lang='lat'>11.</span> <span class='ocrx_word' id='word_1_417' title='bbox 685 4464 1012 4532; x_wconf 87' lang='lat' dir='ltr'>Imperator</span> <span class='ocrx_word' id='word_1_418' title='bbox 1052 4462 1529 4518; x_wconf 90' lang='lat' dir='ltr'>incarnationem</span> <span class='ocrx_word' id='word_1_419' title='bbox 1562 4461 1796 4518; x_wconf 89' lang='lat' dir='ltr'>Domini</span> <span class='ocrx_word' id='word_1_420' title='bbox 1981 4463 2138 4514; x_wconf 90' lang='lat'>1028.</span> <span class='ocrx_word' id='word_1_421' title='bbox 2184 4458 2515 4527; x_wconf 90' lang='lat' dir='ltr'>Heinricus,</span> <span class='ocrx_word' id='word_1_422' title='bbox 2574 4455 2976 4546; x_wconf 48' lang='lat' dir='ltr'>imperatoris</span> <span class='ocrx_word' id='word_1_423' title='bbox 3011 4454 3190 4546; x_wconf 69' lang='lat' dir='ltr'>tilius,</span> <span class='ocrx_word' id='word_1_424' title='bbox 3247 4468 3348 4507; x_wconf 85' lang='lat' dir='ltr'>rex</span> <span class='ocrx_word' id='word_1_425' title='bbox 3380 4449 3573 4546; x_wconf 76' lang='lat' dir='ltr'>factus</span> 
     </span>
    </p>
   </div>
   <div class='ocr_carea' id='block_1_46' title="bbox 125 4538 3570 4622">
    <p class='ocr_par' dir='ltr' id='par_1_46' title="bbox 125 4538 3570 4622">
     <span class='ocr_line' id='line_1_46' title="bbox 125 4538 3570 4622; baseline -0.003 -20"><span class='ocrx_word' id='word_1_426' title='bbox 125 4547 556 4617; x_wconf 83' lang='lat' dir='ltr'>Regenesburg</span> <span class='ocrx_word' id='word_1_427' title='bbox 580 4549 921 4604; x_wconf 88' lang='lat' dir='ltr'>celebravit.</span> <span class='ocrx_word' id='word_1_428' title='bbox 980 4552 1352 4618; x_wconf 84' lang='lat' dir='ltr'>Mogontinus</span> <span class='ocrx_word' id='word_1_429' title='bbox 1396 4551 1793 4622; x_wconf 91' lang='lat' dir='ltr'>archiepisco-</span> <span class='ocrx_word' id='word_1_430' title='bbox 1906 4551 1993 4602; x_wconf 88' lang='lat' dir='ltr'>est</span> <span class='ocrx_word' id='word_1_431' title='bbox 2022 4547 2382 4618; x_wconf 82' lang='lat' dir='ltr'>Aquisgrani</span> <span class='ocrx_word' id='word_1_432' title='bbox 2413 4563 2519 4619; x_wconf 92' lang='lat' dir='ltr'>per</span> <span class='ocrx_word' id='word_1_433' title='bbox 2547 4545 2908 4614; x_wconf 85' lang='lat' dir='ltr'>Pilegrinum</span> <span class='ocrx_word' id='word_1_434' title='bbox 2937 4542 3351 4597; x_wconf 88' lang='lat' dir='ltr'>Coloniensem</span> <span class='ocrx_word' id='word_1_435' title='bbox 3375 4538 3570 4594; x_wconf 88' lang='lat' dir='ltr'>archi-</span> 
     </span>
    </p>
   </div>
   <div class='ocr_carea' id='block_1_47' title="bbox 123 4637 2280 4710">
    <p class='ocr_par' dir='ltr' id='par_1_47' title="bbox 123 4637 2280 4710">
     <span class='ocr_line' id='line_1_47' title="bbox 123 4637 2280 4710; baseline -0 -19"><span class='ocrx_word' id='word_1_436' title='bbox 123 4653 240 4710; x_wconf 91' lang='lat' dir='ltr'>pus</span> <span class='ocrx_word' id='word_1_437' title='bbox 271 4637 456 4692; x_wconf 77' lang='lat' dir='ltr'>Aribo</span> <span class='ocrx_word' id='word_1_438' title='bbox 481 4637 542 4692; x_wconf 91' lang='lat' dir='ltr'>in</span> <span class='ocrx_word' id='word_1_439' title='bbox 574 4638 860 4694; x_wconf 84' lang='lat' dir='ltr'>Geizlethe</span> <span class='ocrx_word' id='word_1_440' title='bbox 919 4641 1065 4705; x_wconf 78' lang='lat'>(352)</span> <span class='ocrx_word' id='word_1_441' title='bbox 1119 4640 1401 4695; x_wconf 90' lang='lat' dir='ltr'>sinodum</span> <span class='ocrx_word' id='word_1_442' title='bbox 1455 4639 1797 4709; x_wconf 84' lang='lat' dir='ltr'>generalem</span> <span class='ocrx_word' id='word_1_443' title='bbox 1907 4637 2280 4710; x_wconf 88' lang='lat' dir='ltr'>episcopum.</span> 
     </span>
    </p>
   </div>
   <div class='ocr_carea' id='block_1_48' title="bbox 124 4727 1800 4801">
    <p class='ocr_par' dir='ltr' id='par_1_48' title="bbox 124 4727 1800 4801">
     <span class='ocr_line' id='line_1_48' title="bbox 124 4727 1800 4801; baseline 0.001 -18"><span class='ocrx_word' id='word_1_444' title='bbox 124 4744 268 4783; x_wconf 89' lang='lat' dir='ltr'>cum</span> <span class='ocrx_word' id='word_1_445' title='bbox 314 4727 440 4782; x_wconf 90' lang='lat' dir='ltr'>suis</span> <span class='ocrx_word' id='word_1_446' title='bbox 491 4727 887 4798; x_wconf 79' lang='lat' dir='ltr'>suﬁ&#39;raganeis</span> <span class='ocrx_word' id='word_1_447' title='bbox 937 4729 1234 4801; x_wconf 91' lang='lat' dir='ltr'>episcopis</span> <span class='ocrx_word' id='word_1_448' title='bbox 1280 4729 1510 4797; x_wconf 89' lang='lat' dir='ltr'>habuit,</span> <span class='ocrx_word' id='word_1_449' title='bbox 1562 4729 1624 4783; x_wconf 91' lang='lat' dir='ltr'>in</span> <span class='ocrx_word' id='word_1_450' title='bbox 1677 4745 1800 4801; x_wconf 91' lang='lat' dir='ltr'>qua</span> 
     </span>
    </p>
   </div>
   <div class='ocr_carea' id='block_1_49' title="bbox 123 4809 3136 4907">
    <p class='ocr_par' dir='ltr' id='par_1_49' title="bbox 123 4809 3136 4907">
     <span class='ocr_line' id='line_1_49' title="bbox 123 4809 3136 4907; baseline -0.003 -36"><span class='ocrx_word' id='word_1_451' title='bbox 123 4818 278 4871; x_wconf 90' lang='lat' dir='ltr'>inter</span> <span class='ocrx_word' id='word_1_452' title='bbox 305 4819 500 4871; x_wconf 89' lang='lat' dir='ltr'>cetera</span> <span class='ocrx_word' id='word_1_453' title='bbox 529 4816 926 4872; x_wconf 87' lang='lat' dir='ltr'>ecclesiastica</span> <span class='ocrx_word' id='word_1_454' title='bbox 957 4818 1204 4890; x_wconf 87' lang='lat' dir='ltr'>quidam</span> <span class='ocrx_word' id='word_1_455' title='bbox 1236 4819 1419 4873; x_wconf 86' lang='lat' dir='ltr'>homo</span> <span class='ocrx_word' id='word_1_456' title='bbox 1445 4817 1742 4887; x_wconf 87' lang='lat' dir='ltr'>ingenuus</span> <span class='ocrx_word' id='word_1_457' title='bbox 1770 4817 1844 4873; x_wconf 92' lang='lat' dir='ltr'>de</span> <span class='ocrx_word' id='word_1_458' title='bbox 1869 4814 2193 4871; x_wconf 91' lang='lat' dir='ltr'>homicidio</span> <span class='ocrx_word' id='word_1_459' title='bbox 2233 4811 2502 4883; x_wconf 83' lang='lat' dir='ltr'>Sigefridi</span> <span class='ocrx_word' id='word_1_460' title='bbox 2537 4810 2769 4907; x_wconf 74' lang='lat' dir='ltr'>comitis</span> <span class='ocrx_word' id='word_1_461' title='bbox 2800 4809 3136 4907; x_wconf 67' lang='lat' dir='ltr'>incusatus,</span> 
     </span>
    </p>
   </div>
   <div class='ocr_carea' id='block_1_50' title="bbox 125 4895 3141 4978">
    <p class='ocr_par' dir='ltr' id='par_1_50' title="bbox 125 4895 3141 4978">
     <span class='ocr_line' id='line_1_50' title="bbox 125 4895 3141 4978; baseline -0.004 -18"><span class='ocrx_word' id='word_1_462' title='bbox 125 4903 413 4960; x_wconf 90' lang='lat' dir='ltr'>candenti</span> <span class='ocrx_word' id='word_1_463' title='bbox 454 4919 515 4958; x_wconf 88' lang='lat' dir='ltr'>se</span> <span class='ocrx_word' id='word_1_464' title='bbox 547 4903 702 4960; x_wconf 88' lang='lat' dir='ltr'>ferro</span> <span class='ocrx_word' id='word_1_465' title='bbox 735 4906 1109 4977; x_wconf 85' lang='lat' dir='ltr'>expurgavit,</span> <span class='ocrx_word' id='word_1_466' title='bbox 1143 4906 1246 4978; x_wconf 92' lang='lat' dir='ltr'>qui</span> <span class='ocrx_word' id='word_1_467' title='bbox 1276 4923 1348 4961; x_wconf 84' lang='lat' dir='ltr'>ex</span> <span class='ocrx_word' id='word_1_468' title='bbox 1377 4906 1614 4962; x_wconf 90' lang='lat' dir='ltr'>decreto</span> <span class='ocrx_word' id='word_1_469' title='bbox 1648 4905 1922 4977; x_wconf 80' lang='lat' dir='ltr'>synodali</span> <span class='ocrx_word' id='word_1_470' title='bbox 1956 4909 2092 4976; x_wconf 89' lang='lat' dir='ltr'>post</span> <span class='ocrx_word' id='word_1_471' title='bbox 2117 4903 2271 4958; x_wconf 91' lang='lat' dir='ltr'>duas</span> <span class='ocrx_word' id='word_1_472' title='bbox 2310 4906 2514 4958; x_wconf 87' lang='lat' dir='ltr'>noctes</span> <span class='ocrx_word' id='word_1_473' title='bbox 2565 4899 2878 4971; x_wconf 89' lang='lat' dir='ltr'>probatus,</span> <span class='ocrx_word' id='word_1_474' title='bbox 2937 4895 3141 4951; x_wconf 89' lang='lat' dir='ltr'>illesus</span> 
     </span>
    </p>
   </div>
   <div class='ocr_carea' id='block_1_51' title="bbox 124 4985 3144 5080">
    <p class='ocr_par' dir='ltr' id='par_1_51' title="bbox 124 4985 3144 5080">
     <span class='ocr_line' id='line_1_51' title="bbox 124 4985 3144 5080; baseline -0.004 -32"><span class='ocrx_word' id='word_1_475' title='bbox 124 4991 430 5064; x_wconf 87' lang='lat' dir='ltr'>apparuit.</span> <span class='ocrx_word' id='word_1_476' title='bbox 465 4991 707 5060; x_wconf 87' lang='lat' dir='ltr'>Misako,</span> <span class='ocrx_word' id='word_1_477' title='bbox 738 4993 844 5064; x_wconf 91' lang='lat' dir='ltr'>qui</span> <span class='ocrx_word' id='word_1_478' title='bbox 867 4994 994 5064; x_wconf 90' lang='lat' dir='ltr'>jam</span> <span class='ocrx_word' id='word_1_479' title='bbox 1024 5011 1131 5067; x_wconf 91' lang='lat' dir='ltr'>per</span> <span class='ocrx_word' id='word_1_480' title='bbox 1161 4995 1389 5066; x_wconf 81' lang='lat' dir='ltr'>aliquot</span> <span class='ocrx_word' id='word_1_481' title='bbox 1442 5010 1636 5049; x_wconf 88' lang='lat' dir='ltr'>annos</span> <span class='ocrx_word' id='word_1_482' title='bbox 1683 5010 1937 5062; x_wconf 85' lang='lat' dir='ltr'>regnum</span> <span class='ocrx_word' id='word_1_483' title='bbox 1998 4993 2344 5048; x_wconf 88' lang='lat' dir='ltr'>Sclavorum</span> <span class='ocrx_word' id='word_1_484' title='bbox 2404 4988 2712 5060; x_wconf 82' lang='lat' dir='ltr'>tyrannice</span> <span class='ocrx_word' id='word_1_485' title='bbox 2770 4985 2884 5041; x_wconf 90' lang='lat' dir='ltr'>sibi</span> <span class='ocrx_word' id='word_1_486' title='bbox 2935 4989 3144 5080; x_wconf 79' lang='lat' dir='ltr'>contra</span> 
     </span>
    </p>
   </div>
   <div class='ocr_carea' id='block_1_52' title="bbox 122 5078 3141 5171">
    <p class='ocr_par' dir='ltr' id='par_1_52' title="bbox 122 5078 3141 5171">
     <span class='ocr_line' id='line_1_52' title="bbox 122 5078 3141 5171; baseline -0.004 -34"><span class='ocrx_word' id='word_1_487' title='bbox 122 5079 508 5153; x_wconf 88' lang='lat' dir='ltr'>imperialem</span> <span class='ocrx_word' id='word_1_488' title='bbox 539 5081 875 5153; x_wconf 87' lang='lat' dir='ltr'>usurpabat</span> <span class='ocrx_word' id='word_1_489' title='bbox 904 5083 1281 5153; x_wconf 89' lang='lat' dir='ltr'>majestatem</span> <span class='ocrx_word' id='word_1_490' title='bbox 1314 5082 1629 5137; x_wconf 89' lang='lat' dir='ltr'>orientales</span> <span class='ocrx_word' id='word_1_491' title='bbox 1661 5087 1861 5155; x_wconf 89' lang='lat' dir='ltr'>partes</span> <span class='ocrx_word' id='word_1_492' title='bbox 1889 5081 2162 5138; x_wconf 85' lang='lat' dir='ltr'>Saxoniae</span> <span class='ocrx_word' id='word_1_493' title='bbox 2189 5096 2328 5134; x_wconf 90' lang='lat' dir='ltr'>cum</span> <span class='ocrx_word' id='word_1_494' title='bbox 2355 5078 2554 5133; x_wconf 88' lang='lat' dir='ltr'>valido</span> <span class='ocrx_word' id='word_1_495' title='bbox 2586 5091 2835 5171; x_wconf 76' lang='lat' dir='ltr'>suorum</span> <span class='ocrx_word' id='word_1_496' title='bbox 2879 5078 3141 5171; x_wconf 79' lang='lat' dir='ltr'>exercitu</span> 
     </span>
    </p>
   </div>
   <div class='ocr_carea' id='block_1_53' title="bbox 123 5163 3144 5260">
    <p class='ocr_par' dir='ltr' id='par_1_53' title="bbox 123 5163 3144 5260">
     <span class='ocr_line' id='line_1_53' title="bbox 123 5163 3144 5260; baseline -0.002 -36"><span class='ocrx_word' id='word_1_497' title='bbox 123 5168 420 5225; x_wconf 85' lang='lat' dir='ltr'>violenter</span> <span class='ocrx_word' id='word_1_498' title='bbox 448 5169 686 5239; x_wconf 85' lang='lat' dir='ltr'>invasit,</span> <span class='ocrx_word' id='word_1_499' title='bbox 719 5175 775 5226; x_wconf 92' lang='lat' dir='ltr'>et</span> <span class='ocrx_word' id='word_1_500' title='bbox 803 5169 1095 5228; x_wconf 85' lang='lat' dir='ltr'>incendiis</span> <span class='ocrx_word' id='word_1_501' title='bbox 1128 5187 1198 5228; x_wconf 90' lang='lat' dir='ltr'>ac</span> <span class='ocrx_word' id='word_1_502' title='bbox 1229 5171 1778 5244; x_wconf 82' lang='lat' dir='ltr'>depraedationibus</span> <span class='ocrx_word' id='word_1_503' title='bbox 1813 5169 2090 5243; x_wconf 88' lang='lat' dir='ltr'>peractis,</span> <span class='ocrx_word' id='word_1_504' title='bbox 2123 5169 2278 5223; x_wconf 85' lang='lat' dir='ltr'>viros</span> <span class='ocrx_word' id='word_1_505' title='bbox 2306 5163 2963 5260; x_wconf 44' lang='lat' dir='ltr'>quosquentrucidavit,</span> 
     </span>
    </p>
   </div>
   <div class='ocr_carea' id='block_1_54' title="bbox 121 5247 3146 5332">
    <p class='ocr_par' dir='ltr' id='par_1_54' title="bbox 121 5247 3146 5332">
     <span class='ocr_line' id='line_1_54' title="bbox 121 5247 3146 5332; baseline -0.003 -20"><span class='ocrx_word' id='word_1_506' title='bbox 121 5256 300 5313; x_wconf 91' lang='lat' dir='ltr'>lieres</span> <span class='ocrx_word' id='word_1_507' title='bbox 328 5255 624 5330; x_wconf 90' lang='lat' dir='ltr'>plurimas</span> <span class='ocrx_word' id='word_1_508' title='bbox 657 5257 998 5332; x_wconf 81' lang='lat' dir='ltr'>captivavit,</span> <span class='ocrx_word' id='word_1_509' title='bbox 1029 5259 1422 5331; x_wconf 89' lang='lat' dir='ltr'>parvulorum</span> <span class='ocrx_word' id='word_1_510' title='bbox 1456 5257 1959 5315; x_wconf 89' lang='lat' dir='ltr'>innumerabilem</span> <span class='ocrx_word' id='word_1_511' title='bbox 2016 5272 2262 5331; x_wconf 87' lang='lat' dir='ltr'>prorsus</span> <span class='ocrx_word' id='word_1_512' title='bbox 2318 5251 2763 5310; x_wconf 90' lang='lat' dir='ltr'>multitudinem</span> <span class='ocrx_word' id='word_1_513' title='bbox 2823 5247 3146 5305; x_wconf 90' lang='lat' dir='ltr'>miserabili</span> 
     </span>
    </p>
   </div>
   <div class='ocr_carea' id='block_1_55' title="bbox 197 5498 3452 5647">
    <p class='ocr_par' dir='ltr' id='par_1_55' title="bbox 197 5498 3452 5647">
     <span class='ocr_line' id='line_1_55' title="bbox 197 5498 3452 5647; baseline -0.002 -86"><span class='ocrx_word' id='word_1_514' title='bbox 197 5507 350 5580; x_wconf 81' lang='grc'>(348)</span> <span class='ocrx_word' id='word_1_515' title='bbox 392 5507 676 5563; x_wconf 88' lang='lat' dir='ltr'>Bennone</span> <span class='ocrx_word' id='word_1_516' title='bbox 703 5524 782 5563; x_wconf 90' lang='lat' dir='ltr'>m.</span> <span class='ocrx_word' id='word_1_517' title='bbox 810 5523 923 5565; x_wconf 80' lang='lat' dir='ltr'>sec.</span> <span class='ocrx_word' id='word_1_518' title='bbox 954 5508 1083 5564; x_wconf 86' lang='lat' dir='ltr'>XV.</span> <span class='ocrx_word' id='word_1_519' title='bbox 1982 5505 2130 5647; x_wconf 50' lang='lat' dir='ltr'>E352)</span> <span class='ocrx_word' id='word_1_520' title='bbox 2170 5501 2477 5559; x_wconf 87' lang='lat' dir='ltr'>Geisleden</span> <span class='ocrx_word' id='word_1_521' title='bbox 2507 5502 2568 5558; x_wconf 92' lang='lat' dir='ltr'>in</span> <span class='ocrx_word' id='word_1_522' title='bbox 2598 5504 2755 5557; x_wconf 89' lang='lat' dir='ltr'>terra</span> <span class='ocrx_word' id='word_1_523' title='bbox 2793 5498 3109 5555; x_wconf 87' lang='lat' dir='ltr'>Eichsfeld.</span> <span class='ocrx_word' id='word_1_524' title='bbox 3151 5571 3161 5581; x_wconf 39' lang='lat'><strong><em>.</em></strong></span> <span class='ocrx_word' id='word_1_525' title='bbox 3441 5569 3452 5579; x_wconf 42' lang='lat'>.</span> 
     </span>
     <span class='ocr_line' id='line_1_56' title="bbox 198 5570 3447 5647; baseline -0.003 -14"><span class='ocrx_word' id='word_1_526' title='bbox 198 5578 348 5647; x_wconf 81' lang='grc'>(349)</span> <span class='ocrx_word' id='word_1_527' title='bbox 393 5579 438 5634; x_wconf 93' lang='grc' dir='ltr'>Ο</span> <span class='ocrx_word' id='word_1_528' title='bbox 467 5578 707 5639; x_wconf 71' lang='lat' dir='ltr'>:::t;::ali</span> <span class='ocrx_word' id='word_1_529' title='bbox 743 5583 789 5634; x_wconf 95' lang='lat'>1.</span> <span class='ocrx_word' id='word_1_530' title='bbox 824 5578 1093 5636; x_wconf 88' lang='lat' dir='ltr'>orientali</span> <span class='ocrx_word' id='word_1_531' title='bbox 1117 5596 1196 5636; x_wconf 89' lang='lat' dir='ltr'>m.</span> <span class='ocrx_word' id='word_1_532' title='bbox 1231 5596 1277 5635; x_wconf 73' lang='grc' dir='ltr'>ε.</span> <span class='ocrx_word' id='word_1_533' title='bbox 1311 5579 1443 5636; x_wconf 84' lang='lat' dir='ltr'>XV.</span> <span class='ocrx_word' id='word_1_534' title='bbox 2009 5577 2134 5646; x_wconf 86' lang='lat'>353)</span> <span class='ocrx_word' id='word_1_535' title='bbox 2177 5577 2240 5629; x_wconf 75' lang='grc' dir='ltr'>Β.</span> <span class='ocrx_word' id='word_1_536' title='bbox 2274 5573 2312 5628; x_wconf 90' lang='lat' dir='ltr'>f.</span> <span class='ocrx_word' id='word_1_537' title='bbox 2347 5590 2488 5647; x_wconf 91' lang='lat' dir='ltr'>e._a.</span> <span class='ocrx_word' id='word_1_538' title='bbox 2523 5572 2561 5628; x_wconf 90' lang='lat' dir='ltr'>f.</span> <span class='ocrx_word' id='word_1_539' title='bbox 2593 5587 2752 5628; x_wconf 85' lang='lat' dir='ltr'>anno</span> <span class='ocrx_word' id='word_1_540' title='bbox 2788 5575 2922 5627; x_wconf 88' lang='grc'>1024</span> <span class='ocrx_word' id='word_1_541' title='bbox 2957 5570 3390 5627; x_wconf 80' lang='lat' dir='ltr'>adscrzbuntur</span> <span class='ocrx_word' id='word_1_542' title='bbox 3428 5584 3447 5622; x_wconf 71' lang='grc' dir='ltr'><em>ι</em></span> 
     </span>
    </p>
   </div>
   <div class='ocr_carea' id='block_1_56' title="bbox 198 5570 1765 5654">
    <p class='ocr_par' dir='ltr' id='par_1_56' title="bbox 198 5570 1443 5654">
     <span class='ocr_line' id='line_1_57' title="bbox 198 5570 1443 5654; baseline 0.002 -21"><span class='ocrx_word' id='word_1_543' title='bbox 198 5570 348 5654; x_wconf 71' lang='grc'>(340)</span> <span class='ocrx_word' id='word_1_544' title='bbox 393 5579 438 5654; x_wconf 84' lang='lat'>(_)</span> <span class='ocrx_word' id='word_1_545' title='bbox 467 5578 707 5654; x_wconf 77' lang='lat' dir='ltr'>::_:t&#39;.::ali</span> <span class='ocrx_word' id='word_1_546' title='bbox 742 5583 789 5654; x_wconf 81' lang='lat'>1.</span> <span class='ocrx_word' id='word_1_547' title='bbox 824 5578 1093 5636; x_wconf 90' lang='lat' dir='ltr'>orientali</span> <span class='ocrx_word' id='word_1_548' title='bbox 1117 5596 1196 5636; x_wconf 88' lang='lat' dir='ltr'>m.</span> <span class='ocrx_word' id='word_1_549' title='bbox 1231 5596 1277 5635; x_wconf 73' lang='grc' dir='ltr'>ε.</span> <span class='ocrx_word' id='word_1_550' title='bbox 1311 5579 1443 5636; x_wconf 84' lang='lat' dir='ltr'>XV.</span> 
     </span>
    </p>
   </div>
   <div class='ocr_carea' id='block_1_57' title="bbox 2006 5570 3573 5654">
    <p class='ocr_par' dir='ltr' id='par_1_57' title="bbox 2006 5570 3573 5654">
     <span class='ocr_line' id='line_1_58' title="bbox 2006 5570 3573 5654; baseline -0.006 -24"><span class='ocrx_word' id='word_1_551' title='bbox 2006 5570 2134 5654; x_wconf 66' lang='grc'>353⁷)</span> <span class='ocrx_word' id='word_1_552' title='bbox 2177 5577 2240 5629; x_wconf 75' lang='grc' dir='ltr'>Β.</span> <span class='ocrx_word' id='word_1_553' title='bbox 2274 5573 2312 5628; x_wconf 90' lang='lat' dir='ltr'>f.</span> <span class='ocrx_word' id='word_1_554' title='bbox 2347 5590 2493 5654; x_wconf 22' lang='lat' dir='ltr'>cna.</span> <span class='ocrx_word' id='word_1_555' title='bbox 2523 5572 2752 5654; x_wconf 26' lang='lat' dir='ltr'>franno</span> <span class='ocrx_word' id='word_1_556' title='bbox 2788 5575 2922 5627; x_wconf 88' lang='grc'>1024</span> <span class='ocrx_word' id='word_1_557' title='bbox 2957 5570 3390 5627; x_wconf 80' lang='lat' dir='ltr'>adscribuntur</span> <span class='ocrx_word' id='word_1_558' title='bbox 3428 5570 3492 5622; x_wconf 78' lang='lat' dir='ltr'>in</span> <span class='ocrx_word' id='word_1_559' title='bbox 3522 5571 3573 5622; x_wconf 82' lang='lat'>5.</span> 
     </span>
    </p>
   </div>
   <div class='ocr_carea' id='block_1_58' title="bbox 332 5578 3025 5790">
    <p class='ocr_par' dir='ltr' id='par_1_58' title="bbox 332 5578 3025 5790">
     <span class='ocr_line' id='line_1_59' title="bbox 393 5578 3025 5654; baseline -0.003 -20"><span class='ocrx_word' id='word_1_560' title='bbox 393 5579 438 5634; x_wconf 92' lang='grc' dir='ltr'>Ο</span> <span class='ocrx_word' id='word_1_561' title='bbox 467 5578 707 5639; x_wconf 71' lang='lat' dir='ltr'>:::t;::ali</span> <span class='ocrx_word' id='word_1_562' title='bbox 743 5583 789 5634; x_wconf 95' lang='lat'>1.</span> <span class='ocrx_word' id='word_1_563' title='bbox 824 5578 1093 5636; x_wconf 88' lang='lat' dir='ltr'>orientali</span> <span class='ocrx_word' id='word_1_564' title='bbox 1117 5596 1196 5636; x_wconf 89' lang='lat' dir='ltr'>m.</span> <span class='ocrx_word' id='word_1_565' title='bbox 1231 5596 1277 5635; x_wconf 73' lang='grc' dir='ltr'>ε.</span> <span class='ocrx_word' id='word_1_566' title='bbox 1311 5579 1443 5636; x_wconf 84' lang='lat' dir='ltr'>XV.</span> <span class='ocrx_word' id='word_1_567' title='bbox 1985 5578 2134 5647; x_wconf 86' lang='lat'>(353)</span> <span class='ocrx_word' id='word_1_568' title='bbox 2177 5578 2240 5629; x_wconf 75' lang='grc' dir='ltr'>Β.</span> <span class='ocrx_word' id='word_1_569' title='bbox 2274 5578 2312 5628; x_wconf 90' lang='lat' dir='ltr'>f.</span> <span class='ocrx_word' id='word_1_570' title='bbox 2347 5590 2488 5654; x_wconf 21' lang='lat' dir='ltr'>era.</span> <span class='ocrx_word' id='word_1_571' title='bbox 2523 5578 2561 5628; x_wconf 91' lang='lat' dir='ltr'>f.</span> <span class='ocrx_word' id='word_1_572' title='bbox 2593 5587 2752 5628; x_wconf 85' lang='lat' dir='ltr'>anno</span> <span class='ocrx_word' id='word_1_573' title='bbox 2788 5578 2922 5627; x_wconf 87' lang='grc'>1024</span> <span class='ocrx_word' id='word_1_574' title='bbox 2957 5587 3025 5627; x_wconf 86' lang='lat' dir='ltr'>aa</span> 
     </span>
     <span class='ocr_line' id='line_1_60' title="bbox 332 5578 3025 5790; baseline -0.003 -85"><span class='ocrx_word' id='word_1_575' title='bbox 332 5578 354 5790; x_wconf 55' lang='grc' dir='ltr'>ξ</span> <span class='ocrx_word' id='word_1_576' title='bbox 394 5648 520 5705; x_wconf 92' lang='lat' dir='ltr'>Ded</span> <span class='ocrx_word' id='word_1_577' title='bbox 550 5665 707 5705; x_wconf 78' lang='lat' dir='ltr'>corr.</span> <span class='ocrx_word' id='word_1_578' title='bbox 738 5653 844 5706; x_wconf 88' lang='lat' dir='ltr'>Det</span> <span class='ocrx_word' id='word_1_579' title='bbox 874 5667 924 5706; x_wconf 89' lang='lat' dir='ltr'>c.</span> <span class='ocrx_word' id='word_1_580' title='bbox 1915 5663 1961 5702; x_wconf 90' lang='lat' dir='ltr'>r.</span> <span class='ocrx_word' id='word_1_581' title='bbox 1996 5647 2034 5702; x_wconf 87' lang='lat' dir='ltr'>f.</span> <span class='ocrx_word' id='word_1_582' title='bbox 2071 5663 2125 5702; x_wconf 91' lang='lat' dir='ltr'>a.</span> <span class='ocrx_word' id='word_1_583' title='bbox 2160 5649 2444 5701; x_wconf 72' lang='lat' dir='ltr'>successu</span> <span class='ocrx_word' id='word_1_584' title='bbox 2469 5650 2500 5700; x_wconf 90' lang='lat'>2</span> <span class='ocrx_word' id='word_1_585' title='bbox 2559 5651 2610 5700; x_wconf 84' lang='lat'>6.</span> <span class='ocrx_word' id='word_1_586' title='bbox 3017 5666 3025 5672; x_wconf 65' lang='grc' dir='ltr'><strong><em>ο</em></strong></span> 
     </span>
     <span class='ocr_line' id='line_1_61' title="bbox 393 5719 968 5778; baseline 0 -2"><span class='ocrx_word' id='word_1_587' title='bbox 393 5719 556 5776; x_wconf 81' lang='lat' dir='ltr'>Hinc</span> <span class='ocrx_word' id='word_1_588' title='bbox 581 5721 707 5778; x_wconf 75' lang='lat' dir='ltr'>alia</span> <span class='ocrx_word' id='word_1_589' title='bbox 731 5736 968 5778; x_wconf 75' lang='lat' dir='ltr'>manus.</span> 
     </span>
    </p>
   </div>
   <div class='ocr_carea' id='block_1_59' title="bbox 198 5651 330 5789">
    <p class='ocr_par' dir='ltr' id='par_1_59' title="bbox 198 5651 330 5789">
     <span class='ocr_line' id='line_1_62' title="bbox 198 5651 330 5789; baseline -0.008 -85"><span class='ocrx_word' id='word_1_590' title='bbox 198 5651 330 5789; x_wconf 48' lang='lat'>£350</span> 
     </span>
     <span class='ocr_line' id='line_1_63' title="bbox 223 5723 322 5775; baseline -0.01 0"><span class='ocrx_word' id='word_1_591' title='bbox 223 5723 322 5775; x_wconf 81' lang='lat'>351</span> 
     </span>
    </p>
   </div>
   <div class='ocr_carea' id='block_1_60' title="bbox 223 5719 968 5778">
    <p class='ocr_par' dir='ltr' id='par_1_60' title="bbox 223 5719 968 5778">
     <span class='ocr_line' id='line_1_64' title="bbox 223 5719 968 5778; baseline 0.001 -3"><span class='ocrx_word' id='word_1_592' title='bbox 223 5719 354 5778; x_wconf 77' lang='lat'>351)</span> <span class='ocrx_word' id='word_1_593' title='bbox 393 5719 556 5776; x_wconf 81' lang='lat' dir='ltr'>Hinc</span> <span class='ocrx_word' id='word_1_594' title='bbox 581 5721 707 5778; x_wconf 75' lang='lat' dir='ltr'>alia</span> <span class='ocrx_word' id='word_1_595' title='bbox 731 5736 968 5778; x_wconf 75' lang='lat' dir='ltr'>manus.</span> 
     </span>
    </p>
   </div>
  </div>
