3874 6404
382 264 481 319 571
1298 259 1557 316 ANNAL.
1602 255 2045 315 HILDESHEIM.
2088 252 2461 319 QUEDLINB.
2515 253 2882 310 WEISSEMB.
3745 252 3827 303 572

694 383 1018 440 ANNALES
1054 380 1718 438 HILDESHEIMENSES.
2600 376 2943 430 LAMBERTI
2978 373 3332 429 ANNALES.

383 505 772 578 inauditaque
801 503 1250 561 mortiﬁcatione
1274 503 1623 574 cruentavit,
1654 508 1712 559 et
1734 517 1841 575 per
1872 499 2265 571 semetipsum
2294 512 2575 570 suosque,
2592 497 2780 552 immo
2809 495 3037 553 diaboli
3063 495 3372 564 satellites,

386 594 634 650 nimiam
664 592 1022 649 crudelitatis
1051 591 1321 647 sevitiam
1350 592 1412 647 in
1438 590 1909 646 Christianorum
1937 587 2158 643 ﬁnibus
2189 590 2307 642 Deo
2326 585 2671 657 inspiciente
2691 584 2970 640 exercuit.
3865 590 3874 689 tl

462 772 615 825 1029.
654 768 778 825 ind.
806 772 891 825 12.
926 772 1251 840 Imperator
1280 767 1541 823 natalem
1572 766 1781 822 Christi
1806 766 2029 835 lngien-
2211 768 2366 819 1029.
2411 767 2603 818 Bruno
2656 762 3047 831 Augustensis
3100 760 3437 834 episcopus
3500 758 3690 827 obiit,
3745 762 3822 813 cui

384 859 544 915 heim
574 859 817 931 peregit.
847 838 1307 927 Brunhugustte
1332 856 1598 927 civitatis,
1636 855 1813 911 frater
1861 855 2030 909 Hein-
2138 856 2303 943 Eppo
2334 852 2632 943 successit.
2671 851 3034 943 Wernherns
3090 849 3437 943 argentinae
3497 849 3821 921 episcopus
3871 838 3874 943 γ

384 947 489 1002 rici
516 946 908 1018 imperatoris,
948 946 1110 1001 obiit.
1144 945 1247 1002 Cui
1275 948 1439 1016 Eppo
1456 945 1654 1013 regius
1686 943 2029 1015 capellanus
2136 941 2303 1010 obiit,
2336 942 2428 996 cui
2454 940 2838 995 Willihelmus
2862 939 3163 994 successit.

389 1035 692 1091 successit.
726 1034 1023 1090 Generalis
1057 1034 1301 1088 sinodus
1329 1032 1390 1088 in
1420 1033 1623 1089 Palithi
1677 1031 2029 1104 praesidente

386 1124 743 1196 imperatore
771 1139 906 1177 cum
936 1122 1232 1193 episcopis
1262 1126 1344 1188 11,
1378 1120 1438 1175 in
1467 1138 1588 1192 qua
1618 1121 1831 1175 iterum
1880 1119 2249 1187 Mogontinus
2295 1117 2681 1189 archiprresul
2718 1116 3013 1171 domuum
3069 1116 3371 1171 Godehar-

388 1211 536 1267 dum
561 1227 739 1283 super
759 1210 1152 1266 Gandesheim
1182 1209 1509 1283 inquietare
1540 1209 1710 1281 cepit.
1747 1208 2117 1263 Werinherus
2138 1207 2469 1276 Argentiuaa
2498 1205 2713 1278 praesul
2743 1221 2772 1258 e
2797 1204 3026 1259 mundo
3052 1205 3371 1275 migravit:

385 1302 523 1371 post
549 1314 727 1370 quem
759 1297 1170 1352 Willehaelmus
1200 1295 1414 1366 reginae
1447 1295 1958 1368 archicapellanus
1991 1293 2362 1349 subintravit.
2399 1291 2597 1361 Legati
2628 1290 3003 1347 Liutiziorum
3041 1291 3247 1347 Palithi
3291 1291 3376 1348 ad

384 1385 805 1457 imperatorem
835 1385 1155 1451 venientes,
1184 1386 1312 1455 ejus
1336 1385 1627 1454 juvamen
1675 1388 1879 1439 contra
1941 1383 2301 1439 Misakonem
2356 1380 2660 1437 tirannum
2707 1381 3020 1454 petierunt,
3077 1396 3260 1454 seque
3316 1379 3373 1437 ei

384 1471 633 1528 ﬁdeliter
661 1477 978 1528 servituros
1003 1473 1422 1546 promiserunt.
1454 1476 1517 1527 Et
1544 1472 1792 1527 mentita
1816 1476 1907 1527 est
1931 1471 2211 1544 iniquitas
2243 1469 2372 1524 sibi.

460 1653 613 1705 1030.
653 1649 776 1704 ind.
812 1653 895 1705 13.
925 1649 1274 1705 Cuonradus
1314 1649 1635 1720 imperator
1681 1665 1819 1703 cum
1868 1664 2029 1703 exer-
2210 1651 2362 1703 1030.
2406 1645 2756 1702 Cuonradus
2826 1644 3151 1716 imperator
3237 1643 3590 1713 Ungariam
3691 1663 3817 1702 cum

387 1735 503 1791 citu
532 1736 725 1793 fuitin
767 1737 1039 1805 Ungaria.
1098 1737 1508 1792 Goderamnus
1554 1736 1785 1807 primus
1832 1736 2027 1791 Hilde-
2135 1735 2393 1791 exercitu
2419 1734 2671 1789 intravit.

386 1825 868 1880 neshemensium
895 1826 1084 1881 abbas
1104 1831 1155 1881 '2.
1184 1825 1312 1881 Kal.
1345 1825 1475 1880 Julii
1497 1825 1662 1893 obiit,
1703 1825 1797 1880 cui
1828 1824 2023 1879 [Ede]-

383 1911 647 1967 berhdus
680 1913 1085 1986 Herocampiae
1116 1916 1260 1984 (354)
1294 1914 1512 1968 montis
1544 1913 1732 1968 sancti
1762 1912 2047 1967 Johannis
2072 1912 2347 1983 Baptista:
2379 1910 2752 1983 praepositus,
2773 1910 2929 1980 juste
2960 1908 3372 1963 conversatio-

386 1999 478 2055 nis
502 2002 854 2068 monachus,
887 2002 1206 2068 successit;
1237 2007 1292 2057 et
1320 2002 1381 2057 in
1410 2002 1720 2074 proximus
1754 2006 1803 2056 8.
1838 2001 2087 2055 Kalend.
2147 2000 2413 2054 Januarii
2472 2003 2852 2054 consecratus
2908 2002 2996 2052 est
3052 2012 3087 2051 a
3138 1996 3373 2052 domno

387 2087 741 2143 Godehardo
767 2089 845 2144 ad
870 2089 1195 2161 principale
1226 2089 1408 2144 altare
1440 2094 1656 2144 sanctas
1688 2089 2270 2143 Hildinesheimensis
2300 2088 2579 2142 ecclesize.
2616 2088 2737 2140 Hoc
2769 2102 2928 2141 anno
2956 2085 3218 2139 domnus
3252 2086 3372 2139 Go-

387 2176 688 2231 dehardus
715 2177 1031 2249 episcopus
1057 2183 1112 2233 et
1140 2178 1318 2232 Aribo
1350 2178 1838 2249 metropolitanus
1872 2177 2175 2245 Mogontiee
2202 2177 2353 2231 inter
2397 2192 2456 2230 se
2488 2176 2741 2231 invicem
2773 2190 2952 2246 super
2982 2173 3369 2230 Gandeshem

386 2264 746 2319 reconciliati
770 2270 927 2320 sunt.
964 2269 1107 2321 Nam
1139 2266 1264 2337 ipse
1291 2266 1781 2337 metropolitauns
1810 2270 2039 2338 patrem
2081 2265 2502 2321 Godeliardum
2557 2268 2779 2319 secreto
2829 2262 3128 2333 convenit,
3181 2279 3371 2336 seque

389 2367 569 2423 super
595 2352 806 2408 eadem
830 2354 1144 2425 parrochia
1174 2370 1404 2409 errasse
1430 2354 1769 2409 conﬁtendo
1801 2353 2113 2424 nuntiavit,
2161 2358 2215 2408 et
2257 2369 2500 2408 omnem
2530 2352 2851 2409 fraternam
2874 2350 3369 2424 satisfactionem,

388 2439 491 2495 sed
522 2445 579 2495 et
605 2440 679 2495 de
708 2441 1001 2512 praeterita
1029 2441 1124 2497 lite
1156 2446 1503 2515 perpetuam
1530 2442 1986 2498 taciturnitatem
2020 2441 2133 2496 sub
2165 2457 2304 2496 vero
2344 2441 2552 2496 Christi
2596 2445 2653 2495 et
2703 2440 2967 2495 ecclesiae
3022 2439 3368 2495 testimonio

386 2528 687 2600 promisit;
719 2529 831 2585 sibi
857 2529 1054 2605 priora
1081 2536 1273 2586 errata
1303 2546 1408 2602 per
1435 2533 1621 2585 Deum
1651 2529 1861 2585 remitti
1891 2529 2232 2602 suppliciter
2260 2530 2442 2604 petiit.
2480 2530 2637 2584 Istud
2668 2545 2810 2598 ergo
2850 2529 2944 2584 hic
2975 2528 3111 2584 ideo
3143 2528 3372 2584 veraci-

388 2620 472 2670 ter
500 2615 855 2685 inscribitur,
883 2617 1025 2689 quia
1055 2620 1186 2690 ipso
1216 2619 1463 2674 domino
1492 2618 1845 2674 Godehardo
1877 2618 2078 2690 sepius
2107 2618 2267 2673 idem
2298 2618 2356 2673 in
2398 2634 2506 2673 suo
2554 2633 2828 2673 sermone
2879 2616 3115 2689 publice
3168 2622 3371 2691 prote-

388 2709 577 2760 stante
604 2722 813 2761 verum
844 2723 971 2761 esse
1002 2708 1446 2780 comprobatur.
1478 2710 1811 2763 Unewanus
1860 2706 2435 2771 Hammaburgensis
2492 2706 2975 2777 archiepiscopus
3023 2705 3207 2773 obiit;
3268 2706 3367 2761 cui

386 2809 528 2848 suus
556 2796 911 2867 praepositus
944 2795 1168 2851 Liebizo
1200 2796 1506 2850 successit.
1538 2796 1890 2852 {Ecclesiam
1915 2795 2092 2852 etiam
2119 2795 2402 2867 pulcham
2430 2796 2493 2851 in
2516 2795 2857 2852 Holthunon
2883 2795 3110 2867 (355)in
3134 2797 3369 2853 honore

386 2882 575 2938 sancti
600 2884 899 2939 Benedicti
930 2884 1189 2950 abbatis,
1219 2885 1550 2941 monachiae
1582 2884 2015 2939 conversationi
2047 2889 2274 2956 aptam,
2304 2884 2599 2941 fundavit.

460 3080 614 3131 1031.
637 3076 760 3132 ind.
797 3079 1254 3135 14.Cuonradus
1283 3078 1607 3149 imperator
1634 3078 1895 3134 natalem
1918 3081 2027 3135 Do-
2210 3079 2366 3135 1031.
2408 3078 3045 3137 Arnoldus'abbatiam
3083 3077 3573 3135 Herveldensem
3629 3082 3822 3156 perdi-

383 3162 529 3217 mini
553 3164 1061 3223 Patherbrunnem
1090 3171 1147 3223 et
1172 3167 1401 3239 pascha
1430 3167 1757 3233 Nuvimago
1784 3166 2026 3224 feriavit.
2137 3168 2221 3223 dit
2253 3186 2266 3224 :
2299 3167 2390 3223 cui
2419 3167 2609 3224 Bardo
2636 3168 2934 3223 successit.
2971 3168 3085 3224 Sed
3115 3169 3164 3221 is
3191 3172 3334 3240 post
3353 3168 3711 3229 dimidium
3733 3188 3825 3228 an-

385 3251 605 3307 Eodem
636 3268 797 3309 anno
826 3253 1198 3325 imperatoris
1233 3255 1389 3313 filius
1441 3255 1789 3312 Heinrichus
1836 3272 1939 3312 rex
1977 3261 2033 3312 et
2135 3272 2285 3313 num
2315 3255 2580 3322 Ariboni,
2608 3256 2945 3323 Mogontino
2989 3256 3472 3328 archiepiscopo,
3525 3259 3826 3316 defuncto

383 3339 509 3412 ipse
539 3340 660 3396 dux
691 3343 997 3413 Bajoarize,
1032 3348 1087 3398 et
1133 3344 1469 3415 Stephanus
1521 3360 1624 3399 rex
1681 3345 2026 3415 Ungaricus,
2138 3345 2458 3412 successit;
2490 3344 2775 3401 Rudolfus
2827 3361 2969 3400 vero
3013 3344 3326 3401 abbatiam
3386 3348 3541 3419 (357)
3611 3350 3824 3406 iterum

384 3443 523 3483 cum
562 3429 903 3499 juramento
952 3430 1208 3487 invicem
1259 3432 1645 3487 ﬁrmaverunt
1679 3447 1911 3504 pacem.
1966 3436 2028 3488 Et
2137 3434 2411 3505 suscepit.

384 3516 706 3586 Heinricus,
743 3519 1024 3590 Stephani
1049 3520 1203 3590 regis
1230 3518 1407 3585 ﬁlius,
1451 3519 1573 3575 dux
1598 3520 1934 3590 Ruizorum,
1967 3520 2026 3576 in

381 3605 696 3663 venatione
724 3606 803 3663 ab
826 3622 974 3680 apro
998 3608 1309 3676 discissus,
1343 3608 1512 3683 periit
1566 3608 1840 3665 ﬂebiliter
1894 3613 2185 3665 mortuus.
2248 3613 2577 3682 Imperator
2631 3625 2769 3665 cum
2807 3625 2996 3682 parvo
3056 3612 3366 3667 Saxonum

381 3694 637 3750 exercitu
665 3695 905 3752 Sclavos
932 3697 1263 3753 autumnali
1293 3702 1559 3770 tempore
1587 3698 1824 3767 invasit,
1858 3704 1913 3753 et
1941 3699 2360 3770 Mysachonem
2389 3698 2489 3753 diu
2519 3698 2629 3753 sibi
2655 3698 3030 3754 resistentem
3053 3699 3365 3769 regionem

382 3783 568 3839 Lusizi
597 3799 736 3839 cum
765 3784 993 3856 aliquot
1018 3786 1266 3842 urbibus
1297 3791 1353 3841 et
1382 3786 1607 3859 praeda,
1640 3803 1775 3859 qua:
1805 3787 2103 3858 prioribus
2139 3788 2311 3843 annis
2342 3786 2401 3842 in
2435 3787 2693 3843 Saxonia
2716 3787 2873 3843 facta
2902 3792 3008 3855 est,
3059 3789 3369 3844 restituere

380 3885 716 3943 pacemque
740 3872 1080 3942 juramento
1110 3874 1349 3931 ﬁrmare
1380 3875 1588 3944 coegit.
1626 3875 1737 3940 Qui
1762 3876 2034 3947 Mysecho
2059 3880 2199 3948 post
2227 3876 2449 3930 mensis
2490 3880 2722 3931 tantum
2780 3876 3044 3948 spatium
3092 3893 3129 3931 a
3184 3875 3367 3932 fratre

385 3973 496 4013 suo
526 3958 862 4015 Bezbriemo
889 3960 1086 4017 subita
1113 3962 1422 4019 invasione
1449 3962 1852 4034 proturbatus,
1880 3970 1936 4019 et
1964 3964 2043 4019 ad
2073 3963 2457 4020 Oudalricum
2487 3965 2547 4019 in
2579 3964 2815 4020 Beheim
2847 3964 3050 4035 fugere
3094 3969 3181 4021 est
3225 3981 3370 4020 con-

383 4044 611 4117 pulsus.
647 4047 759 4102 Sed
786 4047 945 4104 idem
974 4050 1275 4106 Bezbrimo
1301 4050 1645 4122 imperatori
1675 4066 1963 4106 coronam
1995 4068 2133 4107 cum
2166 4052 2296 4107 aliis
2346 4052 2667 4121 regalibus,
2712 4070 2847 4125 quae
2880 4053 2991 4109 sibi
3022 4052 3202 4109 frater
3232 4054 3368 4125 ejus

383 4132 599 4203 injuste
632 4141 1037 4207 usurpaverat,
1067 4139 1412 4206 transmisit,
1441 4154 1511 4194 ac
1539 4142 1726 4194 semet
1753 4138 1961 4194 humili
1992 4140 2379 4196 mandamine
2410 4156 2517 4213 per
2559 4141 2786 4212 legatos
2831 4158 2971 4197 suos
3020 4142 3372 4214 imperatori

384 4221 760 4280 subditurum
785 4226 1075 4297 promisit.

452 4400 597 4475 (356)
637 4401 914 4460 Arnolqu
942 4408 1111 4477 pater
1134 4403 1482 4462 monasterii
1513 4401 1949 4474 Herveldensis,
1977 4404 2299 4476 precipuus
2356 4405 2415 4461 in
2472 4405 2689 4462 divinis
2745 4410 2801 4462 et
2850 4406 3131 4465 humanis
3160 4406 3370 4478 rebus,

379 4488 763 4573 quorundam
792 4489 1043 4551 fratrum
1071 4509 1142 4548 eo
1171 4492 1286 4548 loci
1313 4491 1633 4564 cujusdam
1662 4491 1926 4549 criminis
1948 4493 2280 4564 objectione
2305 4498 2643 4563 accusatus,
2670 4495 3087 4551 miserabiliter
3116 4498 3367 4568 proprio

380 4574 606 4633 honore
631 4582 722 4634 est
745 4578 1032 4651 privatus.
1071 4585 1130 4635 [n
1156 4582 1328 4650 cujus
1348 4580 1463 4635 loci
1491 4578 1961 4634 vicissitudinem
2012 4580 2372 4650 subrogatur
2422 4582 2634 4651 Bardo,
2693 4587 3046 4657 procurator
3104 4584 3369 4642 coenobii

380 4663 803 4736 Wirdunensis,
854 4668 1233 4738 suggestione
1279 4668 1446 4726 Gislae
1512 4666 1923 4738 imperatricis.
1986 4667 2187 4723 Eidem
2233 4685 2374 4725 vero
2429 4670 2684 4727 Bardoni
2740 4672 3022 4728 successit
3075 4671 3369 4731 Geroldus

381 4752 686 4809 Fuldensis
713 4757 1065 4813 monachus.
1092 4757 1395 4827 Wiggerus
1415 4754 1734 4813 Vardensis
1762 4756 2083 4830 episcopus
2114 4757 2278 4827 obiit,
2312 4764 2449 4830 post
2478 4775 2660 4831 quem
2697 4760 3069 4816 Thietmarus
3098 4759 3361 4819 intravit.

380 4841 603 4897 Eodem
654 4858 814 4899 anno
852 4844 965 4919 pia:
1012 4849 1069 4900 et
1122 4843 1473 4900 venerabilis
1519 4844 1823 4901 memoriae
1876 4846 2057 4901 Aribo
2109 4847 2595 4917 Mogontiacensis
2652 4849 3136 4922 archiepiscopus
3174 4865 3371 4909 causa.

380 4929 661 4987 orationis
689 4934 940 4988 Romam
968 4932 1148 5000 adiit;
1180 4931 1438 5006 indeque
1468 4931 1831 5003 digrediens,
1865 4936 2065 4990 Cumis
2093 4937 2142 4989 8.
2170 4935 2251 4989 Id.
2302 4936 2540 5007 Aprilis,
2599 4937 2677 4992 ah
2712 4937 2723 4992 ι
2777 4938 2855 4993 ah
2886 4938 2897 4991 !
2950 4953 3023 4993 ex
3070 4939 3181 4993 hac
3239 4937 3368 4996 vita

379 5018 691 5089 migravit;
724 5020 896 5090 cujus
922 5020 1166 5075 honoris
1192 5019 1593 5092 principatum
1620 5022 1873 5093 optinuit
1903 5024 2112 5091 Bardo,
2153 5027 2294 5078 tunc
2342 5040 2535 5097 nuper
2578 5026 2858 5100 praelatus
2907 5026 3098 5083 abbas
3142 5024 3369 5083 Herfel-

379 5105 549 5163 densi
598 5106 978 5164 monasterio.
1041 5107 1157 5163 Sed
1201 5106 1339 5163 huic
1395 5125 1634 5183 quoque
1685 5127 1828 5166 mox
1872 5112 2153 5167 successit
2207 5112 2285 5171 ad
2335 5112 2592 5175 abbatiae
2635 5114 2989 5185 dignitatem
3032 5112 3368 5173 Roudolfus

379 5195 679 5269 Bopponis
705 5194 1065 5267 monachus,
1083 5195 1337 5252 coenobii
1368 5196 1657 5259 Stabulon
1685 5199 2063 5276 praepositus,
2083 5215 2122 5261 a
2149 5216 2272 5275 quo
2296 5201 2669 5276 imperatoris
2694 5203 2932 5267 decreto
3128 5206 3372 5267 mutata.

379 5288 472 5340 est
496 5282 857 5341 monachica
886 5283 1278 5341 consuetudo.

451 5528 604 5615 ρξξᾷ
2203 5537 2353 5615 (357)
2391 5539 2449 5593 L.
2482 5538 3017 5612 hemelo-suscepit
3032 5543 3087 5597 4.
3126 5538 3326 5605 abbas
3386 5543 3816 5615 Ιιοιιιιοιάωειε

474 5595 598 5659 355)
647 5595 963 5656 Osterholz.
2134 5595 2237 5664 su‘s
2266 5612 2315 5663 1.

474 5603 598 5659 355)
647 5603 963 5656 Osterholz.

448 5603 598 5740 i356)
637 5667 797 5724 Hinc
824 5669 950 5729 alia
974 5686 1207 5732 manus.
