3968 6380
40 257 144 310 573
766 251 851 304 ET
889 250 1241 309 LAMBERTI
1282 247 1873 305 ASCHAFNABURG.
1917 249 2093 306 PARS
2133 249 2414 306 ALTERA
2453 248 2790 304 GENUINA.
3384 249 3490 306 576

374 375 706 430 ANNALES
747 373 1422 432 HILDESHEIMENSES.
2282 371 2632 431 LAMBERTI
2673 372 3025 428 ANNALES.

117 465 276 519 1032.
307 462 434 518 ind.
467 463 548 516 l5.
607 462 1004 518 Chuonradus
1037 464 1362 535 imperator
1387 460 1583 515 natale
1619 461 1720 514 Do-
1904 460 2056 515 1032.
2119 461 2441 530 Arnoldus,
2502 460 2725 515 amissa
2779 459 3026 516 abbatia
3085 459 3490 527 Herveldensi,

41 553 189 608 mini
216 552 470 620 Gosleri,
513 552 743 623 pascha
772 568 914 606 vero
945 551 1320 621 Seliganstad
1375 549 1714 605 celebravit.
1827 548 1990 616 obiit,
2033 549 2093 604 in
2125 549 2416 620 Gellingin
2443 549 2610 621 (361).

41 643 162 696 Hoc
194 658 364 697 anno
399 641 702 696 Bezbriem
734 641 812 696 ob
841 642 1349 696 immanissimam
1408 639 1718 694 tirannidis

42 747 166 784 sua:
200 731 481 786 sevitiam
514 747 549 785 a
576 730 719 796 suis,
755 735 810 784 et
839 731 1016 786 etiam
1049 746 1168 785 non
1203 730 1327 784 sine
1361 729 1610 784 fratrum
1645 744 1892 783 suorum
1928 729 2394 798 machinatione,
2428 729 2768 785 interfectus
2801 734 2910 786 est.
2946 730 3061 787 Sed

41 819 299 873 )lisecho
336 819 533 874 statim
564 819 817 873 domum
839 819 1046 882 rediit;
1080 820 1182 890 qui
1217 833 1587 885 cognoscens
1620 817 1728 870 sibi
1759 823 2002 890 propter
2054 818 2514 874 immoderatam
2535 821 2624 873 sui
2657 818 3060 887 insolentiam,

42 924 229 978 quam
262 908 569 980 prioribus
604 908 778 962 annis
813 909 1095 976 exercuit,
1125 909 1328 962 omnia
1361 925 1496 982 qum
1526 923 1846 978 perpessus
1879 911 1985 973 est,
2005 908 2216 962 merito
2243 907 2533 974 evenisse,
2559 908 2788 978 legatos
2822 925 2962 962 suos
2985 908 3060 963 ad

44 999 474 1068 imperatorem
507 997 844 1062 destinavit,
889 1003 1245 1068 tempusque
1281 1002 1468 1051 semet
1497 995 1902 1068 praesentandi
1931 995 2348 1068 condigneque
2407 996 2812 1052 satisfaciendi
2860 1002 3062 1069 postu-

44 1085 201 1140 lavit.
239 1089 304 1140 Et
330 1087 725 1158 postmodum
755 1087 1113 1157 imperatore
1147 1087 1551 1140 consentiente
1603 1085 1905 1151 Mersburg
1935 1085 2112 1153 venit,
2147 1090 2202 1140 et
2235 1092 2418 1142 semet
2451 1090 2597 1142 Non.
2622 1085 2757 1140 Julii
2787 1086 2846 1141 in
2873 1085 3063 1158 impe-

46 1174 328 1230 ratoriam
351 1180 732 1246 potestatem,
763 1191 998 1232 cororue
1033 1176 1254 1231 scilicet
1291 1192 1361 1230 ac
1397 1175 1583 1232 tocius
1614 1173 1849 1242 raegalis
1880 1175 2218 1234 ornamenti
2267 1175 2510 1244 oblitus,
2541 1175 2846 1232 humiliter
2871 1174 3054 1232 dedit.

49 1267 234 1327 Quem
265 1263 600 1336 imperator
624 1265 1201 1337 clementius,quam
1227 1264 1353 1336 ipse
1384 1264 1750 1336 opinaretur,
1779 1262 2059 1335 suscepit,
2094 1264 2267 1336 eique
2299 1269 2355 1320 et
2384 1265 2514 1335 ejus
2545 1263 2795 1336 patrueli
2818 1263 3061 1320 cuidam

47 1352 355 1407 Thiedrico
386 1369 665 1421 regnum,
695 1355 860 1426 quod
891 1353 1017 1426 ipse
1050 1353 1212 1408 solus
1243 1357 1379 1408 ante
1407 1351 1776 1426 possederat,
1807 1351 2040 1418 divisit;
2075 1352 2241 1424 quod
2271 1352 2398 1424 ipse
2428 1358 2627 1408 tamen
2655 1357 2866 1426 postea
2897 1351 3060 1408 solus

46 1442 256 1496 iterum
289 1441 400 1496 sibi
435 1443 759 1515 usurpavit.
795 1442 1148 1498 Oudalricus
1180 1459 1340 1509 vero,
1372 1442 1587 1498 eodem
1612 1440 1796 1509 regali
1821 1441 2092 1511 iussione
2127 1441 2430 1514 invitatus,
2451 1442 2648 1498 venire
2678 1442 3056 1514 contempsit.

49 1533 229 1593 Quem
262 1530 596 1602 imperator
627 1536 834 1602 postea
871 1531 1138 1588 Wirbeni
1176 1532 1343 1600 (3358),
1402 1530 1503 1585 ubi
1536 1534 1743 1585 contra
1784 1529 2057 1584 Liutizios
2112 1531 2470 1602 pacificandi
2500 1531 2666 1598 regni
2701 1531 2891 1600 gratia
2921 1546 3060 1586 con-

50 1619 210 1682 sedit,
243 1619 322 1674 ad
356 1636 420 1673 se
449 1619 785 1678 venientem
815 1625 871 1675 et
896 1620 1076 1676 etiam
1107 1620 1334 1675 ratione
1386 1619 1750 1686 convictum,
1782 1618 1855 1672 de
1887 1618 2120 1673 insidiis
2173 1635 2437 1693 quoque,
2467 1636 2621 1692 quas
2652 1620 2764 1691 ipsi
2796 1619 3056 1692 impera-

54 1707 152 1760 tori
185 1707 339 1772 fecit,
375 1713 514 1767 ante
542 1708 852 1764 biennium
881 1709 1252 1778 confessum,
1278 1708 1336 1762 in
1368 1708 1614 1762 exilium
1663 1707 2040 1762 transmissit.
2078 1707 2411 1776 Sigil‘ritlius
2456 1707 3057 1775 Mimigardevorden-

54 1796 124 1848 sis
150 1796 418 1851 ecclesiae
450 1797 669 1868 prresul
786 1797 1039 1854 Kalend.
1086 1797 1425 1854 Decembris
1468 1795 1632 1862 obiit,
1667 1794 1761 1850 cui
1795 1795 2194 1850 Herimannus
2253 1795 2510 1852 Coloniae
2542 1796 2898 1868 przepositus
2929 1811 3057 1852 suc-

53 1885 232 1939 cessit.
265 1885 502 1940 I.iebizo
532 1886 1109 1948 Hammaburgensis
1139 1886 1626 1958 archiepiscopus
1659 1889 1710 1938 8.
1744 1883 1996 1938 Kalend.
2033 1884 2395 1955 Septembris
2420 1885 2586 1952 obiit,
2619 1885 2715 1940 cui
2748 1884 3057 1939 Heriman-

53 1989 158 2025 nus
190 1973 690 2036 Halberstatensis
714 1975 944 2032 cenobii
983 1975 1336 2045 praepositus
1391 1972 1699 2028 successit.
1757 1971 2035 2026 Arnolfus
2065 1972 2255 2027 abbas
2280 1973 2688 2044 Herocampiee
2715 1978 2766 2028 5.
2802 1971 3055 2028 Kalend.

54 2061 304 2116 Januarii
324 2062 496 2123 obiit,
542 2068 594 2116 et
626 2062 700 2116 ad
736 2063 1014 2126 (iellingae
1049 2063 1336 2133 sepultus,
1369 2079 1491 2133 qua
1517 2068 1653 2116 tunc
1684 2060 1874 2127 gratia
1927 2061 2211 2114 manendi
2242 2061 2568 2128 habitavit;
2626 2061 2732 2114 sed
2758 2061 2894 2115 inde
2923 2065 3059 2132 post

53 2155 160 2202 tres
217 2149 344 2205 dies
401 2150 768 2221 totidemque
829 2156 1031 2204 noctes
1091 2151 1405 2216 deductus,
1468 2155 1522 2203 et
1577 2150 1650 2203 de
1711 2155 1865 2202 terra
1896 2149 2169 2213 effossus,
2218 2164 2288 2202 ex
2323 2153 2621 2220 praecepto
2650 2148 2923 2202 Roudolti
2966 2148 3055 2201 sui

56 2238 435 2304 successoris,
472 2238 780 2292 Herfeldize
809 2238 867 2292 in
900 2239 1147 2292 ecclesia
1186 2239 1371 2292 sancti
1404 2236 1742 2293 Michahelis
1765 2240 1856 2290 est
1905 2235 2254 2291 tumulatus.
2313 2237 2619 2304 Wiggerus
2647 2236 2963 2308 presbyter
3001 2241 3058 2290 et

57 2327 401 2398 praepositus
424 2333 476 2382 5.
512 2326 764 2381 Kalend.
799 2327 1013 2399 Aprilis
1041 2327 1185 2382 obiit
1211 2331 1377 2396 (3559).

127 2448 271 2505 1033.
317 2449 447 2504 ind.
482 2450 523 2505 Ι.
585 2450 912 2522 Imperator
956 2451 1150 2505 natale
1205 2450 1434 2505 Domini
1479 2451 1709 2504 Pathcr-
1897 2447 2052 2502 1033.
2117 2448 2432 2517 Cunigund
2511 2447 2853 2520 imperatrix
2931 2447 3096 2504 obiit.
3161 2451 3486 2524 Imperator

58 2532 252 2600 brune,
305 2535 540 2606 pascha
593 2539 898 2603 Neumago
942 2535 1077 2602 egit.
1117 2535 1412 2591 Etiestivo
1445 2539 1708 2608 tempore
1820 2536 2146 2594 exercitum
2203 2537 2371 2592 duxit
2437 2537 2496 2592 in
2550 2537 2959 2606 Burgundiam
3028 2541 3236 2594 contra
3295 2537 3485 2594 Uodo—

61 2622 459 2691 Burgundiam
500 2640 638 2680 cum
693 2624 951 2681 exercitu
1007 2640 1359 2696 properans,
1396 2623 1708 2678 Oudonem
1819 2639 1977 2679 nem.

61 2710 149 2764 diu
182 2711 289 2766 sibi
340 2713 737 2780 resistentem,
798 2714 899 2784 qui
957 2713 1211 2769 eandem
1248 2713 1549 2780 regionem
1599 2711 1707 2765 sibi

62 2800 653 2872 contraimperatoris
681 2800 1047 2857 voluntatem
1105 2800 1409 2871 tyrannice
1439 2805 1852 2869 usurpaverat,
1895 2799 2138 2854 obvium
2182 2800 2490 2873 suscepit;
2545 2801 2922 2873 acceptisque
2972 2801 3051 2858 ab

62 2887 213 2941 eode
244 2904 392 2959 pace
419 2888 779 2958 juramentis
814 2893 868 2943 et
898 2888 1231 2951 obsidibus,
1265 2888 1512 2962 paeifiee
1546 2887 1733 2942 rediit.
1771 2888 1993 2942 Eodem
2023 2888 2204 2943 etiam
2236 2904 2395 2944 anno
2450 2888 2527 2944 ad
2560 2889 2872 2944 castellum
2915 2889 3050 2946 Wir-

62 2973 182 3029 bine
214 2976 546 3044 Liudgerus
579 2993 799 3045 comes,
829 2984 883 3032 et
914 2977 1178 3041 Thiedof,
1207 2981 1262 3032 et
1294 2976 1716 3046 Wolveradus,
1752 2993 1890 3030 cum
1923 2976 2051 3034 aliis
2080 2980 2149 3031 40
2180 2977 2358 3032 occisi
2392 2982 2549 3034 sunt.
2607 2977 2718 3034 Piae
2743 2978 3048 3036 memoria:

64 3065 360 3132 (Iunigund
394 3065 741 3138 imperatrix
864 3069 1009 3120 Non.
1046 3065 1238 3120 Marcii
1266 3064 1428 3118 obiit.
1482 3064 1722 3136 liclipsis
1756 3064 1894 3118 solis
1923 3069 1974 3120 3.
2001 3119 2006 3124 .
2031 3065 2162 3120 Kal.
2194 3065 2347 3131 Julii,
2382 3065 2528 3120 feria
2552 3069 2603 3122 6.
2633 3065 2814 3122 natali
2865 3065 3049 3122 sancti

63 3153 193 3207 Petri
244 3153 521 3226 apostoli,
579 3155 728 3210 hora
776 3155 891 3209 diei
945 3160 997 3208 6.
1049 3154 1280 3221 accidit,
1331 3154 1688 3225 imperatore
1746 3157 1881 3208 tunc
1941 3153 2227 3224 placitum
2281 3171 2417 3212 eum
2476 3154 2841 3228 primoribus
2885 3154 3053 3223 regni

64 3244 326 3297 tractante
358 3244 421 3297 in
453 3243 793 3313 Merseburg
849 3243 1100 3298 civitate.
1135 3242 1433 3296 Dedicatio
1466 3243 1811 3297 monasterii
1844 3243 2032 3301 sancti
2060 3242 2354 3301 Michaelis
2386 3243 2728 3311 archangeli
2772 3243 2832 3299 in
2868 3243 3057 3299 Hilde-

64 3329 308 3385 nesheim
331 3335 382 3386 3.
423 3331 552 3388 Kal.
586 3331 853 3386 Octobris
885 3347 990 3403 per
1017 3329 1464 3388 Godehardum.
1498 3331 1768 3400 ejusdem
1796 3329 1909 3383 loci
1931 3330 2306 3404 episcopum,
2334 3347 2472 3386 cum
2500 3329 2766 3388 maxima
2789 3332 3060 3404 frequen-

67 3415 131 3469 tia
160 3419 543 3490 populorum.
578 3419 926 3474 Incendium
961 3419 1296 3474 Altahcnsis
1338 3418 1685 3474 monasterii
1720 3422 1770 3472 6.
1796 3417 1926 3472 Kal.
1963 3418 2166 3476 Martii.

130 3539 270 3595 1034.
302 3541 430 3596 ind.
482 3547 535 3598 2.
587 3545 910 3614 Imperator
936 3542 1305 3597 nativitatem
1335 3541 1544 3598 Christi
1574 3540 1710 3598 ΜΠ]-
1895 3541 2050 3597 1034.
2084 3540 2456 3607 Albuwinus,
2490 3541 2848 3613 praepositus
2903 3541 3339 3612 Herveldensis,
3372 3540 3480 3600 ab-

66 3626 152 3694 do,
183 3635 234 3684 et
277 3631 513 3703 pascha
545 3631 913 3700 Reinesburg
966 3631 1212 3687 feriavit.
1277 3634 1335 3685 In
1369 3630 1568 3686 natale
1602 3633 1711 3686 Do-
1815 3629 1928 3687 bas
1959 3628 2152 3686 factus
2184 3630 2241 3685 in
2273 3629 2583 3699 Niunburg
2613 3631 2778 3701 (362).

65 3717 191 3771 mini
221 3720 294 3774 ad
321 3737 461 3775 eum
493 3720 669 3788 legati
700 3721 1080 3776 diversarum
1109 3722 1375 3789 gentium
1400 3737 1535 3774 cum
1559 3719 1708 3791 optiv

65 3805 161 3858 niis
191 3808 678 3881 multimodisque
734 3810 1085 3865 muneribus
1148 3813 1478 3876 venerunt;
1519 3808 1722 3880 ibique
1776 3807 2136 3880 Hildericho,
2181 3809 2284 3882 qui
2315 3810 2705 3867 Altmannum
2735 3809 3044 3876 interfecit,

63 3891 464 3952 intercessione
523 3898 919 3969 imperatricis
978 3903 1033 3952 et
1077 3896 1342 3969 episcopi
1423 3896 1942 3963 Halberslaiensis,
2017 3897 2394 3954 incolomitas
2451 3898 2580 3953 vitae
2654 3903 2710 3953 et
2773 3898 3053 3970 repeticio

64 3983 246 4049 patriae
312 3985 678 4040 conceditur.
741 3987 804 4040 In
861 3986 1086 4058 paseali
1154 4002 1296 4040 vero
1353 3985 1664 4040 festivitate
1729 3984 2082 4041 Oudalricus
2157 3987 2535 4042 Boemiorum
2601 3986 2745 4053 dux,
2804 3990 3054 4059 optentu

66 4068 434 4141 imperatricis
466 4080 522 4128 et
551 4074 914 4146 principum,
961 4074 1019 4129 in
1078 4074 1266 4142 gratia
1319 4074 1393 4129 de
1445 4073 1619 4129 exilio
1648 4074 1900 4129 domum
1955 4075 2147 4130 redire
2203 4077 2553 4148 promeruit,
2595 4081 2651 4132 et
2675 4076 2930 4132 ducatus
2963 4076 3054 4130 sui

66 4160 446 4228 medietatem,
501 4180 612 4217 suo
690 4163 867 4217 fratre
925 4163 1192 4217 Germiro
1251 4163 1639 4218 medietatem
1694 4163 2002 4231 retinente,
2059 4165 2336 4237 suscepit.
2397 4165 2521 4220 Udo
2578 4165 2840 4233 Juvenis,
2896 4164 3054 4219 filius

68 4247 268 4302 Ottonis
298 4251 533 4306 comitis
566 4251 639 4305 de
679 4251 1070 4316 Hamerstein,
1097 4251 1258 4306 obiit.
1311 4254 1640 4323 Imperator
1663 4253 1878 4308 iterum
1909 4253 2025 4309 hoc
2067 4270 2228 4309 anno
2260 4254 2673 4322 Burgundiam
2711 4270 2850 4308 cum
2882 4268 3056 4322 gran-

68 4333 116 4386 di
137 4339 382 4393 exercitu
409 4338 668 4404 intravit,
694 4345 749 4394 et
780 4339 1093 4395 Oudonem
1124 4339 1264 4394 item
1295 4341 1670 4396 resistentem
1702 4341 1950 4412 fugavit,
1984 4342 2364 4414 eandemque
2418 4341 2725 4409 regionem
2773 4341 3054 4396 ﬁdelibus

68 4422 189 4491 suis,
215 4427 311 4496 qui
339 4428 390 4482 ei
421 4426 604 4482 ﬁdem
630 4429 975 4497 juramento
1007 4429 1353 4496 ﬁrmabant,
1397 4429 1861 4486 commendant.
1897 4431 2316 4499 Meginhardus
2356 4429 2872 4498 Werziburgensis
2899 4445 3054 4500 prce-

68 4510 145 4565 sul
172 4513 242 4568 ad
270 4515 566 4570 Christum
599 4516 897 4585 migravit,
934 4522 1070 4588 post
1099 4534 1281 4589 quem
1315 4519 1532 4584 Bruno,
1577 4520 1861 4591 patruelis
1911 4519 2309 4590 imperatoris,
2345 4517 2716 4582 subintravit,
2746 4533 2782 4571 a
2809 4520 2928 4571 Deo
2951 4517 3056 4572 da-

68 4601 144 4651 tus
176 4604 329 4672 (360).
365 4605 769 4659 Warmundus
798 4606 1151 4661 Constantizr
1185 4605 1426 4662 antistes
1458 4607 1638 4674 obiit;
1673 4608 1768 4661 cui
1818 4607 1996 4663 frater
2049 4607 2178 4678 ejus
2214 4609 2400 4680 Eppo,
2444 4605 2642 4674 regius
2681 4603 3050 4677 capellanus,

68 4691 343 4746 successit.
397 4692 573 4747 Plura
605 4697 661 4747 et
681 4692 917 4748 insolita
946 4693 1104 4748 bella
1152 4694 1303 4748 inter
1361 4695 1628 4748 Lvitizios
1680 4700 1735 4749 et
1787 4699 2080 4749 nostrates
2141 4694 2220 4749 ad
2250 4693 2543 4769 oppidum
2571 4691 2815 4749 Wirbini
2846 4696 3051 4747 exorta

70 4782 203 4841 sunt,
234 4778 289 4832 in
320 4780 542 4854 quibus
576 4781 650 4835 de
677 4781 894 4836 nostris
948 4781 1200 4852 quidam
1247 4782 1533 4837 interfecti
1587 4787 1742 4848 sunt,
1805 4787 1861 4836 et
1914 4782 2182 4857 plerique
2238 4781 2504 4836 sauciati.
2548 4779 2808 4836 Peccatis
2867 4779 3048 4838 etiam

69 4866 259 4921 nostris
289 4869 365 4923 ah
402 4870 413 4924 ε
449 4871 525 4924 ah
556 4871 566 4924 !
619 4887 825 4926 coram
857 4873 976 4925 Deo
1010 4871 1514 4943 promerentibus,
1574 4870 1950 4925 laudandum
1999 4875 2056 4926 et
2102 4870 2453 4928 honorabile
2493 4869 2838 4925 exercitium
2871 4883 3048 4926 vene-

70 4952 246 5010 rabilis
275 4957 379 5012 viri
408 4959 750 5014 Bernwardl
783 4959 1068 5031 episcopi,
1112 4960 1546 5015 monasterium
1602 4960 1822 5014 scdicet
1879 4948 2068 5016 sancti
2121 4960 2460 5016 Michahelis
2516 4957 2881 5028 archangeli,
2913 4957 3044 5011 Kal.

67 5040 200 5096 Junii
229 5043 285 5099 in
315 5046 517 5116 vigilia
538 5053 922 5119 pentecosten
956 5049 1035 5104 ad
1066 5065 1378 5119 vesperam
1414 5049 1661 5104 fulmine
1687 5065 1754 5102 (ο
1785 5050 2092 5119 mustum,
2127 5054 2182 5104 et
2208 5048 2626 5106 miserabiliter
2655 5051 2741 5101 est
2796 5046 3046 5100 deterio-

69 5133 260 5186 ratum.
283 5135 538 5191 Misacho
571 5135 957 5192 Polianorum
984 5136 1109 5191 dux
1140 5136 1441 5193 inmatura
1462 5142 1652 5193 morte
1682 5136 1918 5206 interiit,
1952 5141 2009 5193 et
2037 5137 2395 5196 cristianitas
2434 5136 2657 5193 ibidem
2679 5151 2716 5191 a
2743 5134 2864 5189 suis
2893 5133 3046 5208 prio-

129 5469 260 5546 (ἓξὲξ)
285 5472 559 5546 ξγθὼθω
585 5473 665 5527 ad
695 5471 952 5528 Albiam.
1537 5545 1540 5546 ν
1814 5489 1989 5546 nunc,
2013 5473 2196 5546 vicus,
2239 5471 2317 5546 ad
2341 5469 2712 5546 _Wipperam
2732 5485 2974 5546 _prope
3005 5471 3476 5546 Francgnugam,

131 5541 261 5615 1359)
290 5545 442 5598 Hine
471 5545 597 5599 alia
630 5560 863 5598 manus.
1529 5545 1548 5564 ‘
1813 5545 1872 5599 in
1905 5544 2241 5615 principatu
2257 5540 2701 5615 ‘Schwar'sburg
2731 5540 3106 5598 Rudolstadt.
3136 5541 3377 5597 HESSE.

131 5610 263 5686 ggisg)
293 5615 532 5686 Litteris
558 5616 772 5686 rubris?
789 5617 1235 5673 ADEODATUS.
1883 5610 2032 5686 (362)
2065 5610 2155 5669 A‘d
2179 5613 2396 5670 Salam.

151 5641 263 5678 ουν]
293 5641 532 5672 pater“
558 5641 758 5672 ΤαυΓιό
789 5641 1235 5673 AUDUUAIUD.

130 5641 264 5746 2361)
295 5684 619 5756 Gellingen,
654 5685 985 5756 Gollingen,
1047 5687 1481 5756 monasterium
1534 5687 1700 5757 οιὶω,
