3874 6398
448 285 553 337 575
1367 274 1626 329 ANNAL.
1669 268 2115 326 HILDESHEIM.
2159 268 2528 333 QUEDLINB.
2569 264 2950 324 WEISSEMB.
3799 262 3859 311 ὅτε

730 401 1049 457 ANNALES
1088 396 1763 453 HILDESHEIMENSES.
2645 387 3004 445 LAMBERTI
3042 385 3394 442 ANNALES.

449 527 618 583 ribus
651 526 799 580 bene
821 525 1097 579 inchoata
1123 526 1177 576 et
1226 538 1261 576 a
1318 537 1378 575 se
1416 518 1628 575 melius
1682 517 1986 585 roborata,
2030 514 2298 571 flebiliter
2325 517 2477 588 proh
2529 514 2744 571 dolor!
2786 511 3070 587 disperiit.
3116 508 3449 566 Praedictus

450 631 693 688 quoque
748 611 1140 669 Oudalrichus
1196 608 1506 664 Boemicus
1550 608 1693 678 dux,
1748 609 1883 678 post
1924 603 2320 660 reversionem
2364 604 2540 661 fratre
2592 607 2833 672 caecato,
2865 600 2986 656 ﬁlio
3042 599 3268 669 fugato,
3297 598 3454 654 item

454 686 828 759 sacramenta
854 699 1183 767 refringens
1209 697 1537 753 infidelitati
1566 696 1789 761 institit,
1822 698 1878 749 et
1909 693 2151 749 tandem
2185 692 2245 748 in
2277 709 2424 749 cena
2454 692 2739 762 residens,
2789 690 2923 746 cibo
2953 694 3222 762 potuque
3253 686 3452 743 suffo-

452 796 618 847 catus
640 789 923 845 extabuit.
949 787 1099 852 Quia
1120 802 1261 855 ergo
1285 787 1385 857 jus
1419 785 1626 857 fasque
1653 782 2026 853 contempsit,
2055 786 2109 836 et
2128 785 2264 854 post
2284 786 2404 837 tam
2428 781 2600 853 plura
2620 780 2966 851 juramenta
2986 776 3195 849 priscis
3224 775 3455 832 iterum

453 879 681 934 insidiis
713 876 1034 941 consensit,
1070 876 1227 929 unde
1256 873 1532 929 tidelibus
1563 873 1769 929 Christi
1795 870 2050 926 salubris
2100 869 2446 942 providetur
2493 868 2749 935 refectio,
2807 866 2944 922 inde
2982 864 3066 921 illi
3114 864 3278 935 justa
3330 878 3454 935 pro

452 967 652 1040 pravis
685 966 807 1021 suis
836 965 1058 1020 meritis
1092 964 1249 1018 venit
1278 962 1619 1018 interfectio.
1673 961 1895 1016 Eodem
1925 975 2085 1016 anno
2110 958 2480 1015 Thietmarus
2518 956 2833 1013 Vardensis
2862 953 3182 1028 episcopus
3210 959 3264 1009 7.
3299 952 3443 1009 Kal.

454 1056 589 1111 Julii
616 1056 693 1111 ad
719 1054 1019 1109 Christum
1051 1051 1344 1123 migravit.

528 1198 675 1268 (363)
701 1199 838 1252 Post
865 1212 1045 1267 quem
1070 1198 1283 1263 Bruno,
1342 1192 1519 1248 frater
1572 1190 1849 1247 Friderici
1903 1191 2155 1261 comitis,
2204 1189 2667 1259 Nienburgensis
2725 1192 2781 1243 et
2835 1184 3458 1257 Maegetheburgensis

458 1284 648 1340 abbas
676 1283 1047 1339 subintravit.
1084 1282 1285 1336 Eidem
1316 1297 1455 1336 vero
1489 1280 1746 1335 Brunoni
1794 1279 1853 1334 in
1908 1278 2208 1348 Nienburg
2238 1277 2543 1332 Albwinus
2572 1276 2631 1331 in
2663 1274 3079 1348 philosophica
3104 1279 3227 1327 arte
3254 1271 3462 1327 erudi-

458 1372 739 1435 tissimus,
775 1368 1083 1424 Herfeldize
1105 1368 1475 1441 praepositus,
1504 1368 1608 1439 qui
1646 1367 1753 1422 fuit
1773 1366 1994 1421 ibidem
2036 1370 2211 1421 antea
2250 1364 2425 1420 scolae
2478 1364 2760 1434 magister
2791 1359 3255 1429 famosissimus,
3311 1375 3463 1414 suc-

456 1459 651 1514 cessit.
681 1462 743 1512 In
774 1457 1217 1525 Maegetheburg
1238 1460 1439 1511 autem
1472 1455 1659 1511 Sidaec
1697 1454 1770 1509 de
1798 1454 2010 1509 eadem
2047 1452 2295 1508 ecclesia
2327 1451 2545 1506 electus
2575 1449 2969 1505 substituitur.
3025 1446 3250 1503 Eodem
3282 1461 3458 1502 anno

459 1545 801 1601 Thiedricus
828 1561 1029 1600 comes
1063 1543 1445 1599 Orientalium
1474 1559 1508 1597 a
1539 1542 1823 1596 militibus
1850 1540 2184 1609 Eggihardi
2220 1538 2583 1594 marchionis
2613 1538 2670 1592 in
2701 1536 2944 1609 proprio
2974 1534 3250 1591 cubiculo
3297 1533 3448 1590 ﬁcta

458 1633 807 1688 salutatione
837 1633 1295 1699 circumventus,
1328 1631 1387 1685 in
1422 1629 1560 1685 dolo
1591 1634 1674 1684 l3.
1705 1629 1834 1684 Kal.
1873 1628 2211 1683 Decembris
2242 1627 2546 1682 occiditur.
2577 1625 2756 1695 Cujus
2804 1623 3153 1693 dignitatem
3198 1620 3457 1677 honoris

459 1720 640 1787 Dredi,
663 1719 820 1774 filius
845 1723 995 1789 ejus,
1019 1719 1293 1785 obtinuit,
1325 1718 1429 1789 qui
1458 1722 1666 1788 postea
1715 1716 1969 1779 Oudam,
2000 1714 2332 1772 Willihelmi
2361 1713 2754 1783 Turingorum
2780 1710 3049 1783 praetoris
3082 1708 3357 1778 viduam,
3388 1708 3458 1764 in

457 1806 808 1877 conjugium
840 1806 1068 1861 ascivit.
1095 1806 1249 1861 Hezo
1290 1804 1590 1859 Palatinus
1622 1820 1823 1859 comes
1854 1819 1889 1857 a
1937 1818 2044 1857 sua
2076 1800 2412 1856 concubina
2440 1799 2683 1855 nomine
2715 1797 3073 1865 Tiethburga
3103 1795 3319 1851 veneni
3348 1810 3463 1867 po-

461 1893 617 1962 culo,
652 1898 715 1948 ut
739 1892 940 1959 fertur,
974 1892 1383 1956 defraudatus,
1417 1890 1588 1962 periit
1616 1890 1882 1945 ﬂebiliter
1912 1894 2201 1953 mortuus,
2234 1892 2289 1942 et
2342 1887 2417 1942 ad
2449 1888 2779 1955 Augustam
2811 1886 3249 1955 transportatus
3304 1886 3365 1937 et
3391 1881 3456 1937 in

458 1979 709 2035 ecclesia
745 1979 932 2035 sancti
964 1978 1262 2035 Oudalriei
1293 1984 1379 2034 est
1423 1977 1688 2050 sepultus
1750 1981 1833 2031 l6.
1887 1976 2011 2032 Kal.
2055 1975 2228 2031 Junii.
2283 1973 2655 2029 Ekberhthus
2704 1986 2907 2027 comes
2948 1975 2999 2026 ὅ.
3034 1968 3159 2025 Kal.
3222 1968 3460 2042 Appril.

462 2066 629 2122 obﬁL

540 2209 694 2261 1035.
726 2205 849 2260 ind.
886 2210 937 2261 3.
964 2206 1357 2262 Chounradus
1406 2206 1728 2277 imperator
1751 2205 2117 2261 nativitatem
2301 2203 2454 2258 1035.
2488 2198 2798 2267 Rodulfus,
2850 2198 3043 2255 abbas
3091 2196 3553 2268 Herveldensis,
3597 2195 3874 2252 ordinatur

466 2293 679 2350 Christi
711 2309 844 2348 cum
878 2294 1297 2348 decentissima
1360 2310 1600 2348 suorum
1650 2293 2116 2366 frequentatione
2225 2292 2540 2364 episcopus
2572 2288 3074 2355 Podelbrunnon;
3106 2286 3204 2342 cui
3232 2285 3665 2355 Meginherus,
3693 2283 3778 2339 vir
3801 2296 3871 2335 ve-

467 2381 707 2437 Goslare
737 2382 1052 2438 celebravit
1081 2401 1093 2449 ;
1126 2400 1247 2454 quo
1280 2383 1358 2437 ad
1407 2400 1545 2438 eum
1572 2383 1940 2438 diversarum
1974 2398 2116 2451 gen-
2226 2380 2530 2449 nerabilis,
2555 2378 2855 2434 successit.

465 2470 616 2525 tium
678 2470 857 2538 legati
912 2487 1046 2525 cum
1102 2471 1450 2526 muneribus
1509 2475 1955 2537 convenerunt;
2015 2472 2117 2540 qui

463 2557 621 2624 inde,
650 2561 713 2612 ut
738 2558 1181 2628 imperatoriam
1214 2560 1587 2627 majestatem
1634 2558 1946 2630 oportebat
2000 2558 2378 2623 remunerati,
2430 2557 2720 2612 abierunt.
2789 2555 2895 2611 Ubi
2937 2555 3116 2612 etiam
3170 2554 3469 2628 praedicto

463 2644 691 2699 domno
720 2644 992 2699 Albwino
1021 2646 1275 2701 abbatim
1307 2646 1655 2713 dignitatem
1690 2646 1747 2701 in
1778 2646 1921 2718 ipsis
1950 2644 2071 2701 Kal.
2104 2645 2366 2701 Januarii
2398 2642 2858 2700 commendavit.
2912 2644 2981 2698 Et
3019 2641 3463 2699 Chuonradum

463 2732 714 2787 Alberici
742 2732 931 2787 tilium
963 2734 1135 2789 exilio
1166 2751 1333 2789 reum
1366 2734 1692 2804 majestatis
1745 2733 2070 2806 deputavit.
2106 2737 2391 2805 Tempore
2436 2730 2943 2805 quadragesimali
2978 2730 3119 2786 urbs
3145 2730 3397 2786 Wirbini
3427 2746 3472 2786 a

465 2820 717 2875 Luitiziis
751 2821 1001 2892 capitur,
1038 2828 1094 2877 et
1122 2822 1469 2893 praesidium
1530 2823 1689 2877 Dazdi
1715 2822 1945 2877 comitis
1993 2823 2298 2894 captivum
2345 2821 2661 2877 diducitur.
2724 2819 3071 2875 Incendium
3102 2817 3472 2889 Degarensis

467 2908 615 2977 (36H
651 2907 996 2963 monasterii
1026 2915 1076 2965 5.
1129 2910 1260 2964 Kal.
1311 2910 1529 2965 Marcii.
1585 2915 1910 2982 Imperator
1957 2910 2183 2982 pascha
2238 2908 2658 2964 Paderbrunne
2713 2907 2991 2975 feriavit;
3046 2906 3473 2962 ascensionem

468 2995 701 3049 Domini
780 2995 1167 3063 Seliganstad,
1238 3002 1616 3069 pentecosten
1723 3014 1863 3053 vero
1933 2998 2277 3067 Bavenberg
2347 2997 2482 3066 egit.
2552 2996 2715 3052 Unde
2783 2995 3220 3069 expeditionem
3284 3011 3473 3051 suam

468 3098 529 3136 in
561 3082 828 3138 Liutizios
861 3083 1009 3138 serie
1044 3084 1369 3140 mandavit.
1432 3085 1514 3140 Ibi
1539 3086 1717 3141 etiam
1750 3086 2061 3141 Heinricho
2115 3086 2257 3155 regi,
2292 3086 2412 3141 filio
2444 3085 2837 3158 imperatoris,
2884 3084 3001 3139 ﬁlia
3055 3085 3250 3141 Chnut
3302 3084 3474 3152 regis

472 3171 776 3224 Danorum
830 3170 1184 3240 juramentis
1233 3172 1674 3244 desponsatur;
1724 3178 1779 3227 et
1836 3175 1965 3229 Otto
2026 3174 2100 3228 de
2159 3172 2517 3230 Suinvourdi
2560 3172 2781 3228 ibidem
2837 3171 3204 3234 Mathildem,
3275 3170 3478 3226 ﬁliam

472 3255 877 3312 Bolezlavonis
930 3259 1303 3314 Polianorum
1362 3261 1550 3329 ducis,
1613 3260 1721 3315 sibi
1779 3260 2183 3331 desponsavit.
2240 3264 2566 3332 Imperator
2624 3276 2759 3315 cum
2790 3259 3165 3315 validissimo
3197 3260 3471 3314 exercitu

468 3342 773 3412 regionem
805 3346 1178 3401 Liutiziorum
1218 3348 1491 3415 intravit;
1523 3363 1710 3419 quam
1738 3347 1913 3417 longe
1943 3347 2180 3420 lateque
2209 3348 2499 3403 incendiis
2540 3353 2598 3403 et
2646 3346 3054 3420 populationis
3102 3345 3468 3403 devastavit.

472 3430 693 3487 Eodem
721 3448 882 3489 anno
934 3434 1331 3490 Herimannus
1386 3434 1960 3503 Hammaburgensis
2026 3435 2518 3508 metropolitanus
2565 3451 2634 3491 ex
2692 3436 2806 3491 hac
2863 3435 2986 3491 vita
3038 3434 3337 3505 migravit.
3400 3438 3473 3490 In

469 3519 641 3590 cujus
693 3520 891 3577 locum
941 3523 1354 3578 Adelbrandus
1413 3525 1557 3594 (365)
1614 3524 1812 3592 regius
1864 3524 2209 3595 capellanus
2266 3524 2544 3589 intravit;
2586 3523 2690 3595 qui
2729 3540 2867 3578 cum
2921 3538 3162 3578 summo
3211 3538 3473 3579 suorum

469 3606 678 3679 suique
708 3610 1269 3681 conprovintialium
1321 3611 1542 3680 gaudio
1573 3627 1608 3666 a
1640 3612 1762 3666 suis
1815 3612 2205 3683 suffraganeis
2264 3612 2558 3683 episcopis
2607 3611 2860 3666 sabbato
2907 3616 3043 3667 ante
3090 3610 3472 3668 nativitatem

469 3696 698 3767 Christi,
730 3699 792 3752 in
821 3699 1023 3768 vigilia
1052 3700 1241 3755 sancti
1270 3698 1516 3756 Thomre
1543 3700 1817 3772 apostoli,
1847 3701 2176 3774 prespiterii
2223 3701 2536 3762 honorem,
2561 3704 2618 3755 et
2656 3699 2719 3753 in
2765 3699 3093 3755 crastinum
3145 3697 3475 3772 pontiﬁca-

467 3781 585 3837 lem
616 3786 1056 3854 promotionem
1085 3787 1312 3859 accepit
1341 3787 1685 3843 honorifice.
1727 3790 2065 3860 Opperthus
2099 3787 2615 3856 Elewangensium
2641 3786 2833 3841 abbas
2863 3786 3009 3842 obiit
3042 3805 3054 3854 ;
3090 3786 3187 3842 cui
3213 3786 3473 3841 Bihhar-

470 3867 585 3922 dus
618 3870 920 3926 Fuldensis
953 3875 1285 3930 monachus
1318 3876 1616 3932 successit.
1666 3876 1959 3932 Maarksuit
2013 3874 2739 3946 Wongerestorpiensium
2779 3873 3091 3929 abbatissa
3119 3874 3155 3927 2
3183 3872 3315 3930 Kal.
3345 3876 3475 3929 No-

471 3955 670 4010 vemb.
705 3957 885 4026 obiit;
914 3965 1052 4031 post
1080 3977 1265 4033 quam
1306 3963 1584 4030 Alberad,
1645 3962 2166 4018 Molinbechiensis
2216 3963 2383 4035 prius
2429 3961 2761 4031 abbatissa,
2815 3961 3259 4017 machinatione
3317 3962 3477 4031 Sigi-

471 4038 1018 4137 berhtiltiindensis
1050 4049 1313 4137 episcopi
1343 4051 1503 4105 idem
1531 4049 1798 4118 regimen
1830 4050 2107 4120 suscepit,
2168 4054 2290 4105 tota
2338 4049 2800 4119 congregatione
2847 4048 3104 4104 nimium
3151 4047 3474 4105 renitente.

472 4127 719 4185 Hiemali
749 4135 1013 4206 tempore
1045 4136 1300 4204 Chnuht,
1325 4154 1426 4192 rex
1462 4141 1763 4191 Danorum
1790 4142 1845 4189 et
1895 4137 2243 4205 Anglorum,
2283 4137 2608 4192 immatura
2636 4140 2825 4192 morte
2862 4140 3204 4208 praaventus
3255 4135 3476 4209 obivit,

470 4222 525 4271 et
546 4217 864 4277 christiana
902 4222 1105 4293 religio
1135 4225 1212 4281 ab
1236 4225 1367 4297 ipso
1392 4224 1643 4280 ﬁdeliter
1672 4224 1905 4279 exculta
1934 4225 2250 4295 periclitari
2280 4226 2475 4298 ccepit.
2526 4225 2639 4280 Sed
2668 4223 2825 4280 ﬁlius
2869 4225 2999 4295 ejus
3052 4224 3277 4296 junior,
3311 4224 3484 4280 HtBl'v-

469 4303 730 4363 dechunt
758 4310 1019 4377 nomine,
1050 4328 1303 4382 regnum
1332 4313 1520 4385 ipsius
1549 4316 1685 4384 post
1713 4327 1852 4366 eum
1884 4328 2183 4367 consensu
2211 4312 2671 4386 provincialium
2701 4313 2974 4369 obtinuit.
3026 4315 3179 4370 Outa
3239 4316 3474 4369 sanctre

469 4399 1048 4541 pomlinaemlorationis
1079 4401 1387 4457 abbatissa
1417 4401 1492 4456 de
1524 4400 1869 4470 Confengon
1901 4401 2049 4471 (366)
2076 4401 2221 4457 obiit
2270 4406 2354 4457 14.
2397 4402 2528 4457 Kal.
2592 4401 2799 4458 Octob.
2850 4405 3046 4458 Bruno
3085 4417 3289 4458 comes
3317 4400 3480 4458 obiit

504 4484 556 4537 4.
704 4527 717 4540 .
784 4502 883 4541 un.

504 4484 556 4537 4.
587 4484 717 4540 Kal.
748 4488 883 4543 Jun.

506 4714 517 4725 .
546 4628 698 4684 1036.
862 4632 913 4685 4.
936 4635 1263 4725 Imperator
1291 4646 1431 4725 cum
1444 4645 1684 4725 summa
1704 4645 1949 4725 suorum
1966 4631 2123 4725 prin-
2307 4634 2459 4690 1036.
2477 4632 2786 4703 Piligrinus
2805 4631 3172 4689 Coloniensis
3197 4632 3724 4712 archiepiscopus
3736 4634 3869 4693 obiit;

470 4715 671 4786 cipum
733 4715 1064 4789 frequentia
1120 4717 1490 4774 nativitatem
1543 4716 1752 4773 Christi
1806 4718 2123 4787 Argentine
2231 4722 2325 4776 cui
2358 4722 2755 4778 Herimannus
2805 4721 3105 4777 successit.
3157 4721 3413 4793 [Eodem
3443 4740 3634 4785 anno
3671 4724 3872 4783 adifica-

469 4803 785 4873 magniﬁce
817 4804 1137 4861 celebravit
1168 4824 1179 4871 ;
1209 4804 1687 4877 puriﬁcationem
1718 4821 1854 4861 vero
1903 4814 2122 4862 sanctae
2232 4815 2357 4866 tum
2390 4817 2479 4866 est
2504 4811 2934 4867 monasterium
2988 4812 3344 4867 Scothorum
3374 4812 3443 4869 in
3502 4816 3777 4875 Erfordia
3806 4825 3874 4885 per

468 4891 669 4990 Mariae
699 4894 1085 4990 Augustburg
1099 4892 1236 4960 egit,
1263 4891 1370 4988 'ubi
1394 4896 1450 4946 et
1476 4891 1782 4990 publicum
1813 4910 1950 4949 cum
1976 4911 2122 4950 cun-
2232 4899 2525 4955 domuum
2554 4900 2918 4957 Waltherum
2943 4898 3017 4954 de
3068 4898 3340 4969 Glisberg
3375 4919 3390 4969 ;
3442 4902 3697 4963 ibidem
3733 4898 3869 4974 sepul-

469 4979 575 5035 ctis
591 4979 1141 5050 circumjacentium
1153 4978 1464 5047 regionum
1478 4979 1841 5051 primoribus
1862 4999 2121 5039 conven-
2239 4995 2252 5040 ξ
2280 5005 2348 5043 ις.
2379 4991 2433 5043 4.
2465 4987 2542 5062 5.]

467 5071 597 5123 tum
610 5066 906 5136 habuit,in
921 5083 1043 5139 quo
1059 5065 1312 5138 patrueli
1335 5084 1444 5123 suo
1466 5068 1823 5126 Chuonrado
1834 5071 2052 5127 ducatu
2066 5122 2073 5126 .
2086 5092 2118 5127 Α.

470 5154 921 5211 Carentinorum
953 5153 1271 5209 commisit.
1299 5156 1750 5214 Admlberonem
1771 5160 2094 5231 majestatis
2123 5180 2292 5220 reum
2322 5166 2505 5237 priori
2520 5183 2684 5222 anno
2710 5167 3213 5224 dimovit.Histem
3244 5165 3483 5225 diebus

469 5241 631 5297 idem
650 5239 947 5295 Adalbero
970 5238 1406 5299 Willehelmum
1438 5245 1719 5302 comitem
1748 5246 2053 5319 interfecit,
2084 5256 2139 5307 et
2184 5257 2393 5325 postea
2444 5253 2506 5309 in
2552 5254 2868 5311 castellum
2899 5253 3238 5323 Eresburgh
3267 5269 3479 5314 causa

542 5604 691 5684 (.393).
720 5605 876 5684 gina
900 5610 1024 5665 alia
1050 5627 1278 5669 manus.

2306 5629 2451 5684 {3625)
2481 5627 2858 5683 BEZELINUS
2887 5627 2950 5681 in
2979 5642 3057 5681 m.
3094 5624 3317 5682 litteris
3346 5632 3490 5684 ΒΕΖ
3528 5634 3752 5684 abscisi

720 5629 876 5730 {anc
900 5629 1024 5665 αιῑα
1050 5629 1278 5669 manus.
2328 5632 2427 5684 36:5
2481 5629 2858 5683 BEZELINUS
2882 5629 2950 5707 gn
2979 5642 3057 5681 m.
3094 5629 3317 5705 litteris
3346 5632 3490 5689 ΒΕΖ
3528 5634 3791 5693 abscisis.

800 5692 1058 5747 εεηιεθθ.
2306 5629 2456 5770 E366;
2504 5699 2852 5769 Baufungen
2878 5710 2940 5752 1n
2973 5696 3204 5753 Hassxa.
