3968 6382
57 306 176 356 577·
800 304 884 358 ΕΤ
922 303 1268 359 LAMBERTI
1308 303 1890 361 ASCHAFNABURG.
1934 305 2116 362 PARS
2156 307 2436 364 ALTERA
2477 311 2804 367 GENUINA.

392 427 721 482 ANNALES
761 427 1434 486 HILDESHEIMENSES.
2327 437 2668 491 LAMBERTI
2709 438 3057 494 ANNALES.

54 533 303 589 latendi
337 535 624 603 confugit.
662 539 992 608 Imperator
1021 539 1248 609 pascha
1281 537 1687 606 Engilcnheim
1716 536 1964 592 feriavit.
2006 537 2222 594 Deinde
2249 541 2580 596 Triburiam
2614 542 2883 612 tendens,
2916 559 3094 613 gene-

52 623 174 678 rali
203 623 440 680 ibidem
472 624 689 680 sinodo
721 626 1021 696 praesedit,
1053 626 1110 680 in
1143 643 1265 698 qua
1298 627 1664 695 germanitas
1696 627 2118 698 episcoporum
2147 630 2348 700 priora
2376 631 2612 686 decreta
2644 632 3090 701 redintegravit,

54 717 119 767 et
146 712 341 768 etiam
372 713 640 784 quedam
673 714 752 768 ad
789 713 1237 770 ﬁrmamentum
1269 721 1488 770 sanctae
1520 715 1781 770 ecclesiae
1809 717 2144 772 necessaria
2185 720 2597 774 conl'ormavit.
2654 720 2878 775 Ibidem
2911 723 3090 777 etiam

52 800 401 872 praedictus
432 803 564 857 Otto
595 806 842 870 cogente
870 802 1082 856 sinodo
1113 803 1494 858 Mahthildem
1524 803 1635 857 sibi
1663 803 2095 874 desponsatam
2117 805 2461 874 juramento
2512 823 2546 861 a
2576 825 2634 861 se
2666 808 3089 878 abaligenavit.

54 889 509 944 Ascensionem
559 890 797 945 Domini
823 890 1148 963 imperator
1180 891 1600 947 Paderbrunne
1650 892 1916 963 peregit;
1969 898 2348 964 pentecosten
2407 912 2547 950 vero
2596 898 3086 970 nativitatemque

57 976 266 1033 sancti
294 977 591 1033 Johannis
621 978 938 1047 Niumago,
966 983 1021 1034 et
1050 978 1131 1033 ibi
1158 979 1280 1034 tilio
1309 979 1688 1052 imperatoris
1725 979 1996 1034 Heinrico
2028 981 2148 1050 regi
2183 983 2340 1037 venit
2385 984 2611 1052 regina,
2671 986 2944 1041 Cunihild
2992 1004 3096 1042 no-

61 1066 256 1133 mine,
291 1083 427 1138 qure
454 1066 682 1122 ibidem
720 1067 780 1122 in
810 1067 992 1122 natali
1020 1068 1434 1138 apostolorum
1467 1068 1728 1135 regalem
1761 1084 2049 1123 coronam
2071 1071 2328 1142 accepit,
2379 1078 2434 1126 et
2483 1079 2713 1128 mutato
2765 1075 3006 1130 nomine
3032 1077 3094 1130 in

59 1153 493 1210 benedictione
525 1155 844 1224 Cunigund
875 1156 1032 1212 dicta
1058 1162 1162 1211 est.
1195 1157 1412 1212 xEstivo
1441 1158 1621 1212 etiam
1675 1162 1941 1229 tempore
1989 1159 2314 1230 imperator
2362 1163 2667 1228 regionem
2719 1163 3090 1219 Liutiziorum

16 1245 24 1301 ἒ
62 1260 210 1298 cum
243 1243 509 1299 exercitu
539 1243 800 1298 intravit.
839 1244 951 1300 Sed
986 1245 1080 1299 Dei
1108 1246 1296 1313 gratia
1330 1245 1612 1300 omnibus
1646 1262 1754 1317 pro
1787 1262 1895 1300 suo
1927 1247 2074 1300 velle
2107 1247 2435 1320 dispositis,
2484 1251 2740 1322 acceptis
2777 1252 3092 1307 obsidibus

58 1337 114 1387 et
149 1332 589 1387 innumerabili
621 1333 898 1404 pecunia,
932 1333 992 1388 in
1015 1351 1162 1406 pace
1192 1335 1496 1389 remeavit.
1532 1335 1914 1390 Meinwercus
1969 1337 2503 1393 Patherbrunensis
2558 1341 2879 1411 episcopus
2939 1345 3084 1396 Non.

54 1420 222 1476 Junii
254 1420 423 1476 obiit.
461 1421 566 1477 Cui
597 1421 925 1476 Ruodolfus
958 1423 1278 1477 Herveldiaa
1307 1423 1497 1478 abbas
1543 1424 1848 1479 successit.
1905 1425 2018 1479 Sed
2066 1425 2332 1482 domnus
2388 1429 2757 1497 Meginherus
2815 1430 3085 1498 ejusdem

55 1509 174 1564 loci
205 1509 508 1572 decanus,
536 1509 754 1582 plurali
785 1511 1046 1566 utilitatis
1079 1512 1276 1567 studio
1306 1512 1594 1578 imbutus,
1631 1519 1849 1568 sanctae
1901 1513 2147 1584 quidem
2207 1517 2675 1571 conversationis
2733 1520 3087 1587 monachus,

59 1597 385 1653 Herfeldize
410 1598 743 1670 primatum
776 1599 1048 1668 ejusdem
1079 1599 1384 1668 dignitatis
1428 1600 1703 1656 obtinuit.
1759 1604 1952 1655 Bruno
2008 1603 2470 1670 Mersburgensis
2525 1605 2745 1676 praesul
2803 1606 2884 1660 Id.
2939 1613 3087 1675 Aug.

58 1686 423 1752 sustollitur,
472 1692 609 1758 post
637 1703 820 1759 quem
856 1687 1167 1742 Hunoldus
1216 1688 1711 1743 Halberstatensis
1763 1690 2120 1761 praepositus
2178 1692 2564 1748 subinfertur.
2621 1694 2961 1749 Thiedricus
3015 1696 3089 1750 de

58 1773 279 1829 eodem
310 1774 396 1830 ibi
429 1775 708 1830 coenobio
734 1776 1122 1848 praeponitur.
1159 1779 1383 1833 Sanctae
1416 1777 1871 1849 Agrippinensis
1903 1779 2168 1833 ecclesiae
2208 1781 2699 1853 metropolitanus
2733 1784 3090 1838 venerandae

15 1845 27 1894 ί
58 1863 376 1918 memoriae
409 1864 744 1932 Biligrinus,
775 1864 850 1919 ad
884 1865 1089 1920 omnia
1121 1865 1181 1920 in
1212 1865 1431 1922 divinis
1464 1872 1520 1921 et
1551 1867 1833 1922 humanis
1864 1873 2272 1939 perstrenuus,
2321 1874 2371 1923 9.
2424 1870 2553 1925 Kal.
2600 1872 2961 1942 Septembris
3011 1873 3089 1926 ad

57 1952 365 2007 Christum
397 1952 696 2021 migravit.
733 1957 794 2008 In
845 1955 1018 2024 cujus
1075 1954 1275 2009 locum
1333 1955 1720 2010 nobilissimae
1781 1956 1996 2011 indolis
2051 1958 2290 2027 juvenis
2340 1961 2754 2026 Herimannus,
2818 1961 3088 2029 ejusdem

56 2041 345 2096 aecclesiae
377 2041 857 2111 archidiaconus,
893 2043 998 2097 sed
1052 2043 1253 2110 regius
1287 2043 1636 2115 capellanus
1669 2049 1725 2099 et
1758 2045 2095 2117 Cisalpinus
2126 2047 2536 2117 cancellarius,
2589 2065 2724 2103 cum
2778 2049 3081 2104 inenarra-

59 2128 156 2184 bili
186 2129 420 2198 gaudio
445 2129 684 2202 piorum
739 2130 1014 2185 omnium
1068 2131 1324 2186 intravit.
1385 2132 1760 2186 Branthohus
1817 2133 2306 2189 Halberstatensis
2363 2137 2625 2205 pontifex
2654 2141 2704 2190 6.
2755 2138 2883 2191 Kal.
2947 2141 3088 2209 Sep-

64 2217 317 2272 tembris
344 2217 641 2283 discessit,
676 2219 768 2273 cui
801 2219 1182 2288 Burghardus
1213 2219 1540 2290 imperialis
1573 2221 1963 2276 cancellarius
1993 2223 2319 2278 honoriﬁce
2362 2226 2667 2280 successit.
2708 2226 3091 2290 Sigeberhtus

59 2305 458 2361 Mindensium
491 2307 711 2378 praesul
743 2307 1016 2379 spiritum
1047 2307 1268 2362 efﬂavit
1316 2313 1366 2362 6.
1404 2309 1541 2362 ldus
1573 2310 1882 2375 Octobris;
1933 2317 2067 2382 post
2114 2328 2296 2383 quem
2343 2314 2558 2368 nobilis
2605 2315 2902 2386 prosapiae
2954 2321 3088 2385 tyro

63 2397 257 2450 Bruno
291 2395 561 2460 nomine,
595 2396 814 2464 regalis
848 2397 1216 2469 capellanus,
1245 2415 1384 2452 cum
1418 2398 1679 2465 generali
1711 2401 2226 2467 congratulatione
2257 2419 2639 2474 quorumque
2683 2403 2890 2459 Christi
2943 2405 3088 2458 tide-

58 2482 204 2539 lium
238 2483 404 2540 idem
437 2484 801 2541 antisticium
843 2486 1064 2540 ccelesti
1095 2486 1508 2542 benedictione
1541 2488 1785 2558 accepit.
1823 2491 2149 2544 Gozmarus
2177 2491 2657 2559 Asneburgensis
2689 2493 3010 2564 episcopus
3033 2496 3083 2546 4.

61 2572 139 2627 Id.
169 2573 519 2629 Decembris
550 2573 718 2642 obiit,
752 2575 846 2629 cui
877 2574 1186 2629 Albericus
1219 2575 1416 2643 regius
1447 2581 1985 2647 postsequetaneus
2017 2579 2318 2633 successit.
2373 2581 2638 2634 Domnus
2673 2580 3082 2647 Godehardus,

62 2661 544 2718 Hildeseimensis
575 2662 915 2734 episcopus,
952 2667 1290 2719 Brunonem
1314 2664 1794 2719 Mindonensium
1825 2665 2166 2736 praesulem,
2213 2671 2269 2720 et
2301 2668 2716 2735 Burghardum
2748 2667 3084 2722 Halbersta-

58 2747 289 2806 tensam
315 2751 689 2824 pontiﬁcem,
728 2757 809 2806 Ib’.
845 2751 976 2808 Kal.
1011 2755 1258 2808 Januar.
1295 2752 1506 2807 sabato
1535 2757 1671 2808 ante
1699 2753 1964 2808 natalem
2003 2754 2235 2808 Domini
2264 2754 2323 2808 in
2356 2755 2684 2810 Ilalberstat
2714 2755 3082 2828 presbitcros

65 2839 388 2896 ordinavit.

133 3058 291 3110 £037.
335 3053 462 3109 ind.
609 3056 935 3124 Imperator
989 3051 1249 3108 natalem
1305 3054 1448 3122 (367)
1509 3053 1718 3109 Christi

3422 323 3524 374 5'78

1906 3058 2057 3109 1037.
2104 3059 2420 3110 Incensum
2483 3060 2570 3110 est
2613 3057 3047 3112 monasterium
3082 3058 3503 3115 Herveldense.

62 3146 285 3199 Verone
338 3141 668 3198 honoriﬁce
707 3142 1045 3198 celebravit.
1099 3145 1164 3197 Et
1210 3142 1558 3214 imperatrix
1589 3159 1728 3197 cum
1840 3143 2048 3198 Gozelo
2077 3143 2199 3197 dux
2227 3143 2498 3199 Odonem
2543 3145 2823 3200 comitem
2872 3146 3106 3213 occidit,
3159 3153 3212 3203 et
3262 3165 3402 3204 cum
3438 3166 3509 3204 eo

61 3231 179 3288 ﬁlio
208 3248 351 3302 rege
378 3236 436 3286 et
460 3247 620 3287 nuru
650 3231 896 3286 eosdem
945 3231 1070 3286 dies
1123 3231 1428 3303 lmbripoli
1482 3231 1724 3286 feriavit.
1841 3232 1914 3286 ad
1949 3248 2050 3286 sex
2079 3232 2265 3287 millia
2288 3232 2437 3303 (369)
2469 3233 2763 3289 homines.

61 3325 217 3377 Tunc
245 3322 306 3377 in
337 3321 519 3376 natali
552 3321 739 3375 sancti
773 3321 1053 3392 Stephani
1086 3320 1542 3392 protomartyris
1586 3323 1726 3374 Bur-

65 3410 329 3480 ghardus
353 3409 578 3482 praesul
607 3409 1100 3464 Halberstatensis
1133 3408 1537 3481 pontiﬁcalem
1568 3408 2046 3464 benedictionem
2075 3425 2110 3463 a
2142 3411 2409 3465 tiardonc
2441 3412 2812 3481 Mogontiaco
2867 3417 3080 3468 metro-

65 3499 327 3570 politano
357 3499 606 3570 suisque
638 3498 1034 3567 suffraganeis
1079 3497 1481 3566 Hcliganstedi
1521 3498 1848 3553 honorifice
1897 3498 2178 3569 percepit.
2242 3503 2567 3570 Imperator
2624 3507 2758 3572 post
2816 3502 3076 3556 natalem

68 3588 296 3643 Domini
323 3588 384 3643 in
414 3587 660 3643 Salerno
685 3588 867 3659 opido
891 3587 1231 3656 generalem
1262 3591 1623 3642 conventum
1657 3587 1730 3641 de
1771 3603 1831 3642 re
1881 3587 2125 3657 publica
2179 3604 2318 3642 cum
2377 3588 2690 3660 Cisalpinis
2737 3590 3075 3662 nostrisque

66 3677 428 3748 primoribus
454 3675 696 3741 habuit;
729 3676 790 3730 in
816 3693 938 3748 quo
982 3675 1436 3731 Mediolauensis
1487 3675 1974 3747 archiepiscopus
2021 3675 2366 3747 imperatori
2420 3677 2751 3732 contrarius
2801 3694 3070 3748 compre-

16 3793 31 3838 τ
64 3765 362 3834 henditur,
396 3770 452 3820 et
480 3764 748 3837 Bopponi
779 3763 1159 3836 Aquilegensi
1182 3764 1536 3836 patriarchae
1565 3763 1894 3818 servandus
1924 3763 2346 3831 committitur;
2406 3781 2440 3820 a
2478 3781 2600 3837 quo
2649 3765 2791 3835 fuga
2837 3766 3070 3837 lapsus,

19 3851 30 3860 ’
64 3855 265 3926 palam
314 3854 606 3910 rebellare
637 3853 806 3924 cepit.
840 3855 1026 3918 Quem
1059 3853 1383 3924 imperator
1412 3869 1442 3908 e
1475 3852 1722 3919 vestigio
1761 3869 1900 3907 cum
1955 3852 2214 3907 exercitu
2271 3853 2648 3924 inscquutus,
2706 3854 2917 3908 urbem
2969 3871 3074 3926 per

64 3948 251 3998 totum
284 3943 751 4014 subsequentem
779 3957 1009 3996 annum
1041 3957 1178 3996 cum
1205 3941 1395 3996 tocius
1416 3939 1680 4012 periculo
1706 3941 1995 3995 exercitus
2026 3940 2278 3996 obsedit.
2343 3946 2536 3996 Bruno
2570 3941 2889 3997 Mindensis
2921 3960 3072 4014 pree-

65 4033 150 4088 sul
179 4033 241 4088 in
271 4037 481 4088 sancto
508 4031 602 4086 die
632 4036 1015 4104 pentecosten
1042 4031 1496 4104 epischOpalem
1527 4031 1870 4086 unctionem
1899 4031 1976 4086 ab
2010 4031 2367 4086 Ilerimanno
2408 4032 2828 4104 Agrippinensi
2859 4039 3071 4089 metro-

64 4123 329 4196 politano
360 4123 420 4178 in
451 4139 671 4194 campo
694 4122 865 4191 juxta
895 4121 1312 4186 Mediolanum,
1347 4122 1685 4178 astantibus
1730 4121 2090 4194 imperatore
2148 4126 2203 4177 et
2239 4138 2374 4191 rege
2429 4140 2568 4178 cum
2614 4122 3079 4195 quampluribus

64 4214 225 4283 regni
252 4211 641 4285 primoribus,
673 4211 966 4280 condigne
1000 4211 1276 4283 suscepit.
1312 4211 1535 4266 Eodem
1566 4211 1661 4266 die
1691 4211 1834 4266 inibi
1869 4227 2091 4281 magna
2131 4214 2383 4267 tonitrus
2442 4213 2812 4285 fulgurisque
2873 4219 3075 4270 exorta

65 4301 285 4357 collisio
315 4301 466 4356 hora
493 4300 610 4355 diei
642 4304 826 4364 sexta,
856 4300 930 4355 de
957 4299 1214 4354 exercitu
1246 4299 1620 4371 imperatoris
1642 4316 1764 4355 non
1792 4300 1992 4354 minus
2020 4305 2086 4355 60
2119 4301 2299 4366 viros,
2334 4305 2398 4355 ut
2424 4301 2657 4368 dicitur,
2692 4318 2828 4356 cum
2864 4301 3075 4356 inenu-

15 4399 23 4448 1.
65 4389 333 4446 merabili
364 4405 660 4462 equorum
693 4393 1226 4461 armentorumque
1258 4388 1636 4444 multitudine
1669 4388 1921 4460 peremit
1953 4406 1965 4455 ;
2002 4389 2109 4444 sed
2158 4395 2213 4444 et
2244 4389 2514 4459 sequenti
2545 4390 2640 4445 die
2672 4391 2820 4445 hora
2865 4391 3080 4446 eadem
3124 4437 3143 4454 ,

63 4479 241 4534 etiam
270 4477 506 4550 aliquos
539 4476 780 4532 ademit.
816 4477 1107 4532 Plurimos
1139 4477 1385 4548 quidem
1417 4477 1616 4532 varios
1645 4482 1700 4532 et
1726 4476 1906 4531 etiam
1948 4476 2217 4532 insolitos
2268 4475 2601 4532 difﬁcilium
2652 4493 2852 4532 rerum
2895 4495 3074 4533 even-

67 4573 153 4622 tus
191 4583 300 4640 per
325 4566 482 4622 hanc
511 4570 780 4621 aestatem
811 4565 1100 4620 exercitus
1134 4570 1335 4620 noster
1366 4565 1424 4620 in
1455 4565 1659 4620 multis
1691 4565 1914 4620 ibidem
1949 4563 2244 4619 sustinuit.

129 4725 526 4795 Placentinus,
561 4724 998 4794 Cremonensis,
1030 4724 1438 4791 Vercellensis,
1471 4724 1566 4780 alii
1599 4726 1780 4780 etiam
1811 4724 2098 4797 episcopi,
2128 4723 2379 4796 quidam
2409 4724 2738 4794 majestatis
2783 4724 2887 4790 rei,
2929 4725 3072 4797 quia

69 4831 197 4870 cum
229 4814 516 4887 praedicto
546 4813 1000 4886 archiepiscopo
1030 4817 1086 4869 et
1113 4813 1361 4868 Oudone
1392 4817 1650 4885 tyranno
1681 4829 1838 4884 saepe
1869 4819 2203 4868 memorato
2235 4817 2442 4868 contra
2472 4812 2900 4884 imperatorem
2932 4829 3070 4868 con-

69 4907 390 4969 senserant,
424 4901 642 4975 captivi
674 4902 751 4958 ad
783 4918 893 4957 nos
927 4902 987 4957 in
1018 4901 1256 4957 diversa
1279 4901 1413 4957 loca
1443 4901 1661 4957 exiliati
1695 4906 1853 4956 sunt.
1889 4902 2344 4957 Prenominatus
2375 4917 2518 4969 ergo
2568 4900 2761 4969 Oudo,
2809 4901 3068 4974 impera-

20 5033 31 5062 ,
69 4996 183 5048 tore
215 4991 389 5048 Italiae
420 4996 623 5064 partes
654 4995 1036 5064 procurante,
1074 4990 1521 5059 Luthuringiam
1547 4990 1718 5059 juxta
1747 5006 2015 5045 marcam
2070 4989 2376 5045 Gazelonis
2438 4990 2608 5044 ducis
2660 4991 2909 5062 ejusque
2965 4989 3066 5044 ﬁlii

69 5079 358 5136 Godefridi
397 5079 686 5135 tirannice
714 5079 955 5146 invasit,
987 5082 1044 5134 et
1075 5078 1392 5147 civitatem,
1425 5094 1559 5150 quae
1595 5079 1737 5133 Bera
1757 5078 1906 5148 (368)
1933 5078 2165 5143 dicitur,
2221 5078 2442 5149 injusta
2480 5078 2946 5150 praesumptione
2974 5095 3070 5133 oc-

69 5169 294 5242 cupavit
322 5187 335 5235 ;
365 5169 542 5239 juxta
570 5183 757 5239 quam
788 5167 866 5222 ab
887 5167 1127 5222 hisdem
1149 5166 1405 5221 ducibus
1437 5170 1789 5237 occupatus,
1824 5170 2220 5238 consertoque
2277 5166 2482 5238 praelio
2527 5167 2678 5221 inter
2728 5167 2954 5237 primos
2984 5166 3070 5221 in-

69 5257 280 5328 glorius
308 5255 615 5322 occubuit,
638 5256 958 5328 justasque
989 5255 1199 5310 divinae
1225 5254 1433 5309 ultioni
1461 5258 1597 5327 post
1626 5252 1881 5309 effracta
1894 5254 2237 5324 juramenta
2266 5270 2500 5326 pennas
2522 5253 2789 5308 exsolvit.
2811 5254 2901 5309 Ab
2924 5254 3068 5326 ipsis

70 5363 202 5403 sane
230 5344 561 5402 victoribus
589 5344 922 5414 ignoratus,
955 5344 1017 5400 in
1043 5344 1371 5400 crastinum
1399 5343 1552 5399 inter
1575 5342 1793 5413 vulgus
1821 5342 2097 5398 inventus
2138 5348 2225 5400 est
2255 5343 2475 5411 nudus,
2524 5343 2706 5398 vitam
2755 5343 2976 5414 pariter
3015 5348 3072 5400 et

1914 5699 2059 5768 (369)
2098 5699 2272 5754 Deest
2295 5702 2348 5754 2.
2380 5703 2431 5754 6.

132 5703 278 5846 E367;
314 5702 493 5758 Deest
523 5715 576 5756 c.

157 5777 254 5830 368
318 5778 451 5828 Bar.

157 5777 278 5830 368i
318 5778 451 5828 Bar.
