3874 6440
454 291 564 345 579
1377 286 1638 341 ANNAL.
1676 283 2109 340 HILDESHEIM.
2152 282 2526 370 OUEDLIND.
2563 280 2955 340 WEISSEMB.
3506 357 3535 370 χ
3811 282 3874 342 δάε

770 410 1102 466 ANNALES
1143 408 1783 465 HlLDESHElIENSES
2486 362 2497 370 Ξ
2670 407 3017 463 [ιΑΜΒΕΒΤι
3071 406 3417 463 ANNALES
3506 357 3535 377 χ

450 534 637 589 regno
664 517 829 591 quod
860 517 973 572 sibi
1005 530 1305 588 usurpans
1333 515 1666 582 affectabat,
1701 513 2006 586 spoliatus.
2041 516 2260 568 Nostrae
2291 511 2568 568 aecclesiae
2618 512 2902 568 diceanus
2943 512 3148 569 Tadilo
3198 518 3257 568 11
3306 512 3449 569 Kal.

452 607 727 663 Februar.
760 605 923 675 obiit,
955 609 1125 677 pater
1146 604 1465 661 in‘Christo
1494 603 1848 659 venerabilis
1882 607 1939 658 et
1960 603 2073 673 piis
2100 601 2381 656 omnibus
2416 617 2650 672 semper
2698 601 3124 657 memorabilis.
3179 602 3455 673 Hagano

448 695 756 763 diaconus,
787 693 984 763 regius
1010 692 1378 765 capellanus,
1415 697 1499 748 10.
1526 692 1657 748 Kal.
1686 695 1856 748 Marc.
1891 690 2161 759 moritur,
2198 694 2251 745 et
2298 689 2359 744 in
2411 689 2722 744 Herveldia
2762 689 3065 762 sepelitur.
3114 690 3445 761 Sigifridus

449 799 649 840 comes
675 787 731 838 et
761 785 1139 852 Dangmarus
1168 797 1373 837 eomes
1403 780 1698 836 obierunt.

521 978 675 1032 1038.
719 978 1042 1047 Imperator
1098 989 1235 1029 eum
1283 972 1655 1028 nobilissima
1711 972 1799 1027 sui
1866 970 2092 1026 familia
2274 975 2427 1025 1038.
2466 970 2833 1025 Goteharrlus
2882 970 3524 1030 Hildcnesheimensis
3573 976 3867 1049 episcopus

446 1062 811 1120 nativitatem
842 1061 1049 1119 Christi
1085 1063 1307 1115 Parmae
1335 1060 1655 1115 celebravit
1682 1078 1694 1126 ;
1744 1059 1848 1132 qui
1880 1059 2091 1113 urbani
2199 1059 2375 1126 obiit;
2402 1059 2495 1114 cui
2530 1059 2867 1114 Diotmarus
2897 1061 3204 1116 successit.

448 1168 519 1208 ex
546 1151 659 1207 levi
687 1166 870 1207 causa
900 1152 1106 1205 saneto
1134 1148 1231 1203 die
1263 1148 1584 1204 nativitatis
1617 1147 1850 1203 Domini
1880 1146 1956 1202 ad
1996 1163 2093 1201 ve-

447 1255 685 1311 speram
712 1243 1012 1294 certamen
1041 1236 1315 1305 inierunt,
1345 1237 1545 1308 inquo
1572 1236 1646 1291 de
1677 1236 1934 1290 exercitu
1962 1236 2370 1306 quamplures,
2406 1236 2508 1289 sed
2539 1236 2838 1308 praecipue
2870 1241 2984 1292 tres
3010 1252 3082 1292 ex
3113 1237 3443 1294 clientibus

444 1327 637 1397 regiis,
667 1328 931 1391 Chonon,
964 1328 1260 1393 Magnum,
1296 1325 1660 1393 Suicgerum,
1694 1328 2090 1396 peremerunt.
2124 1326 2232 1378 Pro
2261 1340 2382 1394 qua
2414 1339 2558 1391 ergo
2602 1325 2929 1380 insolentia:
2979 1326 3308 1383 temeritate
3368 1328 3441 1383 in

444 1415 771 1471 crastinum
801 1412 1062 1469 diluculo
1090 1412 1203 1484 ipsi
1234 1412 1410 1467 simul
1432 1427 1570 1467 cum
1598 1412 1829 1467 civitate
1855 1412 2256 1482 omnibusque
2284 1413 2428 1479 suis,
2462 1413 2668 1483 pretia,
2716 1413 2875 1479 igne,
2918 1414 3072 1468 ferro
3103 1415 3443 1486 perierunt.

443 1504 672 1559 Pascha
698 1518 839 1558 vero
869 1501 1198 1573 imperator
1224 1500 1348 1555 siue
1377 1500 1589 1571 quavis
1620 1500 1889 1555 molestia
1920 1499 1975 1554 in
2008 1499 2247 1554 castello
2282 1500 2476 1571 Spella
2505 1501 2673 1569 (369‘)
2712 1501 2959 1573 paciﬁee
2990 1502 3234 1559 feriavit.
3294 1507 3442 1560 Pre-

441 1592 631 1648 dictus
657 1606 900 1664 quoque
926 1588 1450 1645 Mediolanensium
1480 1588 1972 1661 metropolitanus
2005 1588 2083 1642 ab
2114 1589 2439 1659 apostolico
2468 1588 2745 1660 pontiﬁce
2777 1594 2911 1661 post
2952 1591 3148 1660 justas
3182 1592 3443 1649 crebras

442 1680 911 1737 ammoniciones
935 1676 1241 1733 communi
1270 1677 1688 1749 episcoporum
1718 1676 1954 1731 decreto
1983 1676 2042 1730 in
2072 1676 2314 1747 paschis
2338 1677 2894 1745 anathematizatus,
2941 1684 2997 1734 et
3027 1694 3063 1734 a
3113 1685 3247 1735 cetu
3273 1680 3434 1736 ﬁde-

440 1768 587 1823 lium
613 1772 701 1824 est
737 1770 1099 1837 segregatus.
1135 1764 1244 1830 Qui
1288 1764 1674 1820 nihilominus
1704 1765 1763 1818 in
1793 1781 1903 1819 sua
1935 1763 2333 1819 obstinatione
2383 1765 2746 1836 perduravit,
2802 1772 2856 1821 et
2914 1767 3257 1839 imperatori
3319 1783 3444 1841 pro

437 1873 617 1930 posse
645 1856 707 1911 in
736 1855 1020 1912 omnibus
1048 1869 1153 1926 per
1182 1858 1538 1925 praesentem
1566 1857 1622 1909 et
1650 1852 1830 1909 etiam
1861 1852 2324 1924 subsequentem
2352 1868 2580 1908 annum
2610 1854 3096 1911 incommodavit.

511 2017 590 2070 Eo
620 2018 886 2085 tempore
915 2011 1273 2067 venerandae
1296 2012 1600 2068 memoriae
1631 2015 1870 2066 sanctus
1898 2015 2096 2065 noster
2122 2012 2385 2082 pontifex
2415 2012 2803 2067 Godehardus
2835 2017 2886 2068 3.
2915 2015 3228 2085 Non.Maii,
3256 2016 3435 2072 vide-

439 2101 574 2156 licet
597 2101 740 2157 feria
772 2106 824 2169 6,
856 2104 993 2172 post
1022 2100 1438 2155 ascensionem
1466 2098 1699 2154 Domini
1723 2115 1794 2153 ex
1821 2100 1934 2154 hac
1966 2099 2083 2153 vita
2114 2099 2471 2167 subtractus,
2501 2100 2575 2155 ad
2605 2105 2871 2156 eternam
2902 2118 3042 2157 eum
3065 2103 3296 2159 Christo
3322 2121 3437 2177 pe—

440 2189 697 2245 renniter
723 2188 981 2244 victurus
1009 2187 1303 2256 migravit,
1332 2187 1628 2258 nobisque
1654 2187 1886 2242 miseris
1916 2187 2276 2242 immensam
2308 2188 2635 2243 mesticiam
2684 2189 2954 2245 discessu
3000 2208 3112 2247 suo
3150 2192 3437 2250 contulit.

442 2280 628 2342 Quem
646 2293 782 2333 vere
808 2276 885 2333 ad
918 2280 1105 2332 Deum
1126 2275 1489 2348 processisse
1510 2292 1631 2331 non
1658 2275 2049 2331 discredimus
2080 2294 2091 2341 ;
2128 2277 2241 2331 hoc
2273 2282 2490 2342 tamen,
2524 2278 2689 2349 quod
2734 2283 2940 2334 sancta
2970 2280 3100 2350 ejus
3125 2282 3437 2338 ammoni-

440 2366 596 2422 tione
626 2365 1041 2436 fructiferaque
1079 2364 1359 2419 virtutum
1388 2364 1904 2435 prasostentatione
1931 2364 2377 2434 prasentialiter
2396 2365 2721 2436 privamur,
2754 2367 2962 2423 merito
2994 2384 3231 2441 semper
3256 2369 3443 2439 inge-

438 2454 681 2509 mimus.
715 2452 917 2519 Qualis
942 2468 1206 2524 namque
1235 2452 1426 2507 meriti
1454 2456 1625 2517 esset,
1654 2451 2069 2523 unusquisque
2099 2451 2157 2506 in
2186 2468 2294 2506 suo
2317 2454 2431 2507 line
2460 2470 2819 2521 cognoscere
2843 2461 3053 2527 potest;
3081 2456 3247 2528 quia,
3273 2458 3444 2515 sicut

440 2543 725 2615 scriptum
754 2546 861 2612 est,
894 2540 1307 2612 unusquisque
1337 2540 1397 2596 in
1430 2556 1540 2595 sua
1567 2539 1682 2595 ﬁne
1712 2540 2107 2609 cognoscitur.
2128 2540 2279 2596 Satis
2301 2558 2542 2613 quoque
2564 2548 2656 2598 est
2684 2550 2979 2615 apertum,
3009 2545 3176 2600 illum
3200 2545 3441 2603 habere

437 2648 660 2702 magna
690 2631 990 2704 praeconia
1021 2630 1389 2697 meritorum,
1422 2646 1560 2685 cum
1592 2629 1653 2684 in
1678 2630 1805 2699 ejus
1835 2630 2001 2684 obitu
2030 2636 2148 2685 tam
2180 2631 2431 2687 miriﬁca
2455 2633 2763 2701 signorum
2786 2639 2951 2701 gesta
2973 2635 3247 2706 patefecit
3270 2639 3439 2693 Deus

435 2720 495 2776 in
524 2720 829 2776 miraculo.
867 2719 1015 2775 Illud
1043 2735 1185 2774 vero
1213 2733 1591 2791 quamquam
1622 2717 1697 2774 sit
1726 2718 1953 2773 eunetis
1983 2718 2195 2774 Christi
2250 2719 2528 2775 ﬁdelibus
2583 2727 2820 2787 notum,
2875 2738 3016 2779 vera
3063 2724 3449 2796 experientia

434 2809 787 2866 relationum
817 2813 1017 2865 tamen
1043 2808 1121 2862 ob
1153 2808 1280 2878 ejus
1308 2807 1632 2862 sanctitatis
1662 2806 2066 2861 testimonium
2098 2806 2190 2861 hic
2218 2808 2549 2863 continetur
2578 2808 2929 2882 inscriptum
2960 2812 3129 2881 (370).

506 2972 571 3022 In
595 2966 765 3039 cujus
793 2966 994 3024 locum
1022 2965 1281 3019 domnus
1305 2965 1672 3019 'I‘hietmarus
1703 2963 1898 3029 regius
1925 2964 2269 3035 eapcllanus
2303 2966 2603 3035 successit,
2655 2967 2732 3022 ad
2781 2967 2984 3023 omnia
3013 2968 3071 3023 in
3106 2968 3324 3025 divinis
3366 2975 3432 3027 et

434 3054 716 3110 humanis
741 3052 982 3108 feliciter
1009 3058 1412 3124 perstrenuus,
1439 3068 1474 3106 a
1505 3051 1768 3106 ttardone
1800 3052 2256 3122 metrOpolitano
2289 3054 2593 3124 Mogontim
2632 3058 2711 3110 13.
2749 3055 2871 3109 Kal.
2919 3055 3284 3128 Septembris
3321 3060 3440 3115 La-

434 3141 691 3197 resheim
719 3145 807 3197 est
830 3144 1230 3196 consecratus.
1263 3137 1565 3194 Liudolfus
1596 3155 1818 3205 comes,
1851 3139 2159 3211 privignus
2192 3142 2585 3213 imperatoris.
2636 3148 2687 3198 9.
2746 3143 2866 3198 Kal.
2921 3145 3049 3199 Maii
3096 3143 3435 3204 immatura

435 3234 624 3285 morte
649 3229 814 3285 obiit.
847 3232 913 3284 Et
942 3228 1071 3298 ejus
1119 3227 1300 3282 frater
1357 3227 1769 3296 Herimannus,
1828 3228 2206 3283 Alzemanniae
2259 3229 2401 3298 dux,
2435 3230 2631 3285 subita
2673 3230 3012 3287 inﬁrmitate
3064 3238 3435 3304 praeventus,

433 3319 612 3375 bonis
642 3318 853 3374 ﬂebilis
884 3316 1167 3373 omnibus
1203 3322 1286 3371 16.
1322 3316 1446 3371 Kal.
1477 3316 1608 3371 Julii
1639 3316 1958 3372 denotavit.
1996 3318 2215 3373 Nobilis
2246 3318 2421 3374 etiam
2463 3325 2734 3375 nostram
2776 3322 2981 3391 regina
3027 3323 3282 3378 Gunhild
3336 3329 3429 3381 15.

436 3408 561 3464 Kal.
593 3408 844 3479 Augusti
870 3424 942 3463 ex
970 3407 1083 3462 hoc
1109 3405 1333 3460 mundo
1366 3404 1642 3475 migravit
1671 3424 1682 3472 ;
1716 3407 1885 3476 cujus
1912 3407 2421 3477 intempestativus
2452 3408 2646 3464 obitus
2668 3426 2853 3481 quam
2885 3411 3177 3482 plurimos
3210 3414 3429 3483 cujus-

433 3513 550 3569 que
579 3497 804 3553 ordinis
829 3512 934 3568 per
963 3494 1351 3550 christianum
1381 3493 1700 3565 imperium
1732 3494 2114 3550 contristavit.
2149 3496 2478 3563 Sigit‘rithus
2507 3503 2727 3569 praetor
2754 3498 3053 3554 Palatinus
3085 3504 3257 3571 (371),
3293 3500 3418 3557 fra-

431 3590 520 3642 ter
567 3584 856 3641 Brunonis
886 3582 1153 3658 episcopi
1207 3582 1627 3650 Mindonensis,
1680 3588 1733 3638 7.
1790 3582 1920 3639 Kal.
1981 3583 2089 3639 Mai
2143 3584 2410 3651 moritur,
2462 3585 2521 3640 in
2580 3586 2959 3643 Wimilaburc
3022 3592 3171 3656 (372)
3225 3592 3432 3646 tumu-

430 3673 605 3730 latur.

506 3879 660 3931 1039.
701 3873 825 3929 ind.
865 3880 919 3928 7.
960 3877 1284 3945 Imperator
1312 3873 1573 3931 natalem
1608 3872 1842 3930 Domini
1874 3873 2076 3930 Gosla-
2261 3878 2414 3931 1039.
2459 3876 2808 3931 Cuonradus
2839 3876 3163 3951 imperator
3213 3877 3361 3935 obiit
3425 3884 3717 3957 Trajecti
3749 3891 3874 3955 (373‘.

433 3978 495 4018 re
526 3979 664 4018 cum
691 3961 1166 4017 reverentissima
1194 3964 1531 4036 principum
1563 3962 1654 4018 sui
1701 3962 2078 4031 congratula-
2187 3962 2331 4017 feria
2361 3962 2624 4017 secunda
2655 3964 2715 4018 in
2744 3970 3115 4037 pentecoste;
3151 3966 3247 4021 cui
3278 3968 3625 4030 Heinricus
3661 3976 3874 4031 tertius.

432 4050 589 4106 tione
614 4049 1026 4106 decentissime
1057 4049 1418 4123 tripudiavit,
1447 4050 1552 4106 ubi
1582 4054 1638 4105 et
1673 4048 1901 4119 legatos
1932 4066 2077 4105 cun-
2186 4050 2341 4105 filius
2371 4054 2519 4121 ejus,
2554 4053 2852 4109 successit.
2909 4053 3237 4109 Richardus
3289 4055 3502 4114 abbas
3576 4063 3874 4120 i-‘uldensii

431 4143 663 4196 ctarum
688 4138 1090 4211 adjacentium
1117 4140 1433 4211 regionum
1469 4156 1608 4195 eum
1637 4136 1850 4194 debitis
1897 4138 2075 4194 vecti-
2185 4139 2353 4202 obiit,
2380 4139 2475 4194 cui
2509 4140 2792 4209 Sigewart
2822 4143 3126 4198 successit.
3174 4144 3530 4212 Regenbolt
3596 4153 3874 4227 Spirensis

431 4229 654 4301 galium
682 4228 1153 4302 professionibus
1177 4229 1243 4287 in
1269 4233 1656 4286 aucmentum
1695 4242 1817 4282 suae
1844 4227 2076 4295 magni-
2186 4228 2502 4302 episcopus
2527 4228 2709 4298 obiit;
2742 4230 2837 4285 cui
2870 4230 3108 4287 Sibicho
3139 4235 3453 4292 successit.

428 4318 678 4375 ﬁcentias
705 4317 989 4391 suscepit,
1012 4334 1306 4391 quosque,
1339 4322 1402 4375 ut
1431 4315 1801 4389 imperialem
1840 4315 2077 4371 muniﬁ-

427 4406 682 4463 centiam
710 4407 979 4474 decebat,
1010 4411 1137 4465 tam
1164 4406 1257 4464 sui
1281 4422 1469 4479 quam
1491 4404 1784 4477 optabant
1814 4404 2024 4473 gratia,
2048 4419 2232 4476 quam
2259 4408 2314 4460 et
2343 4420 2541 4460 rerum
2569 4405 2942 4461 abundantia
2966 4407 3220 4465 donatos
3250 4410 3422 4482 paci-

425 4494 536 4551 ﬁce
564 4494 805 4552 remisit.
836 4495 920 4551 lbi
945 4496 1125 4551 etiam
1152 4495 1302 4551 inter
1330 4499 1525 4550 cetera
1548 4492 1933 4549 institutionis
1964 4509 2084 4549 suae
2112 4492 2348 4549 decreta
2371 4492 2680 4548 Alberadae
2713 4494 3034 4551 abbatissae
3089 4495 3162 4551 de
3219 4496 3429 4554 Molin-

424 4581 582 4638 bach
607 4582 913 4640 abbatiam
941 4582 1479 4654 Wongeresthorph
1508 4579 1691 4636 invito
1722 4580 1979 4635 Brunoni
2003 4580 2283 4652 episcopo
2312 4581 2599 4650 resignari
2629 4582 2927 4654 praecepit.
2986 4586 3177 4648 Quam
3208 4588 3426 4642 tamen

424 4670 586 4728 idem
613 4673 934 4746 episcopus
958 4676 1094 4744 post
1114 4671 1342 4746 pascha
1365 4670 1459 4727 vel
1484 4672 1883 4742 spontaneam
1912 4668 2006 4725 vel
2022 4669 2271 4725 invitam
2296 4669 2374 4726 ab
2403 4670 2619 4726 eadem
2645 4670 2928 4741 dignitate
2962 4672 3074 4728 sub
3114 4672 3429 4731 abrenun-

424 4759 677 4817 tiacione
707 4760 955 4833 publica,
972 4760 1251 4817 desistere
1281 4758 1433 4815 fecit.

496 4849 971 4907 Puriﬁcationem
1000 4852 1221 4905 sanctas
1249 4846 1443 4904 Mariae
1470 4844 1796 4917 imperator
1817 4844 2041 4901 Μειθῶ
2086 4843 2221 4915 egit,
2281 4845 2484 4919 sicque
2531 4846 2963 4920 compendiosa
3015 4847 3222 4904 itinere
3283 4866 3429 4922 per-

424 4943 633 5007 agrata
663 4936 982 5008 Origentali
1013 4934 1292 5005 Saxonis,
1320 4934 1621 5005 rebusque
1649 4932 1995 5005 paciﬁcatis,
2026 4933 2396 5003 Nuvimagon
2422 4934 2666 4990 tetendit
2692 4953 2706 4995 ;
2753 4935 2956 5007 ibique
2989 4941 3226 5008 tempus
3259 4954 3424 5009 qua.

424 5025 773 5097 dragesimae
804 5029 860 5081 et
885 5029 1163 5083 sanetum
1187 5022 1418 5095 pascha
1447 5025 1504 5076 et
1527 5021 1942 5078 ascensionem
1972 5021 2226 5089 Domini,
2256 5021 2529 5095 podagra
2556 5022 2914 5092 laborando,
2945 5023 3238 5080 consedit.
3266 5028 3427 5085 inde

424 5114 503 5169 ad
521 5115 947 5171 celebrandum
967 5116 1351 5185 pentecosten
1364 5110 1694 5179 Traiectum
1717 5110 1965 5181 venit,et
1979 5110 2062 5166 ibi
2082 5110 2326 5183 quidem
2348 5110 2408 5166 in
2429 5127 2675 5167 summa
2689 5111 2899 5168 lieticia
2920 5116 3199 5168 sanctum
3221 5113 3431 5185 diem,

426 5200 643 5259 scilicet
662 5203 724 5259 in
753 5201 972 5273 regalis
993 5198 1351 5258 diadematis
1382 5198 1594 5255 decore
1624 5199 2029 5271 procedendo,
2058 5200 2305 5272 peregit.
2348 5200 2463 5256 Sed
2488 5199 2761 5272 sequenti
2789 5200 2903 5267 die,
2959 5200 3106 5257 feria
3144 5205 3201 5268 2,
3257 5202 3431 5264 hora.

423 5502 441 5581 ζ
475 5499 666 5581 ,(ἓέἓῗ)
686 5496 1138 5581 emutatis?
1163 5496 1427 5569 Folisno-
1546 5575 1556 5581 -
1758 5569 1797 5581 ..

2335 5499 2813 5581 Vuidaburch
2842 5515 2999 5557 corr.
3030 5500 3475 5581 vuimilaburh
3545 5533 3611 5575 ο,
3661 5522 3865 5579 ﬁdem

423 5572 449 5653 to
475 5567 645 5652 εαξη)
686 5567 767 5624 Ηῖ
785 5567 1247 5635 Quatuor—linea
1276 5567 1517 5639 uacuae;
1536 5575 1679 5626 tunc
1708 5569 1833 5626 alia
1854 5583 2066 5625 manus
2173 5583 2305 5648 esse
2334 5567 2781 5651 Wimmelburg,
2838 5587 3026 5645 prope
3084 5572 3392 5648 Eisleben,
3448 5567 3636 5647 alii,
3683 5567 3864 5651 ’ἐξὲξ

423 5646 655 5710 mczpzt.
705 5709 708 5710 ν
2172 5638 2341 5695 bium
2371 5657 2424 5697 a.
2462 5645 2594 5697 1525
2625 5642 2910 5697 dirutum.

494 5709 641 5785 (371)
678 5709 730 5767 Ι.
771 5723 820 5767 e.
855 5726 1055 5770 comes
1082 5710 1402 5784 palatinus.

1230 5711 1402 5769 tinus.
2242 5712 2393 5781 (373)
2435 5713 2490 5767 L.
2520 5713 2679 5770 deest
2708 5715 2760 5770 4.
