3968 6374
100 276 206 331 581
843 277 926 329 ΕΤ
967 277 1313 334 LAMBERTI
1350 276 1936 334 ASCHAFNABURG.
1979 282 2160 338 PARS
2195 284 2470 341 ALTERA
2511 287 2843 343 GENUINA.

434 399 758 453 ANNALES
801 399 1466 457 HILDESHEIMENSES.

2366 411 2714 466 LAMBERTI
2754 414 3101 470 ANNALES.

97 487 218 542 diei
251 492 301 541 6.
335 491 386 542 2.
421 490 567 543 Non.
600 491 733 554 Jun,
769 504 972 543 mense
1005 488 1305 544 reﬁciendi
1339 489 1527 557 gratia
1553 489 1849 556 assidens,
1884 493 2080 550 subita
2112 495 2453 554 deteccione
2477 504 2830 571 praereptus,
2861 501 3112 557 vixdum

98 575 494 631 confessionis
535 576 825 632 sententia
866 577 1120 648 prolata,
1154 577 1424 633 flebiliter
1456 577 1765 649 expiravit.
1801 581 1843 635 Ο
1891 597 2032 650 ergo
2081 585 2315 642 occulta
2372 587 2591 642 divinae
2645 587 3113 661 dispensationis

90 664 345 735 judicia,
373 664 731 720 admiranda
762 666 981 737 pariter
1015 671 1069 722 et
1100 668 1443 733 metuenda,
1477 667 1579 740 qui
1615 668 1792 738 priori
1821 669 1914 723 die
1946 673 2213 728 maximo
2235 675 2561 730 mundialis
2581 693 2818 749 pompae
2855 678 3112 752 tripudio

96 770 202 808 rex
235 759 293 808 et
321 753 647 825 imperator
677 753 838 808 orbis
865 761 1188 810 coronatus
1233 756 1536 828 processit,
1595 757 1906 827 posteriori
1938 760 2015 813 ah
2051 760 2062 813 Σ
2098 762 2175 816 ah
2211 762 2221 815 !
2255 762 2350 817 die
2385 763 2544 818 viam
2574 765 2862 820 universae
2916 767 3113 822 carnis

95 843 429 911 ingressus,
463 842 610 897 cinis
665 843 1006 915 vermisque
1061 843 1316 912 futurus,
1350 844 1622 899 discessit
1657 863 1669 911 ;
1702 845 1811 900 nisi
1863 846 2026 918 quod
2087 865 2224 904 vere
2282 866 2620 922 speramus,
2651 853 2795 924 quia
2824 855 3113 927 quiequid

94 931 420 986 carnaliter
443 932 737 986 contraxit
795 931 1206 1001 neglegentia),
1268 950 1377 1006 pro
1436 935 1548 988 hoc
1605 934 1663 988 in
1695 934 2108 991 defensionem
2148 937 2364 993 animae
2393 941 2751 1013 supplicatio
2799 942 3115 1000 intervenit

97 1020 386 1075 ecelesize.
423 1021 537 1076 Sed
571 1025 634 1076 ut
662 1020 913 1093 quidam
936 1021 1052 1076 ait:

784 1165 826 1219 Ο
850 1163 932 1217 nil
959 1179 1151 1233 gnara
1183 1165 1272 1219 sui
1300 1165 1578 1220 mortalia
1607 1170 1850 1237 pectora
1881 1166 1986 1223 fati
2020 1168 2031 1221 !

99 1308 318 1360 Verum
352 1309 414 1359 ut
441 1305 641 1360 verius
669 1304 964 1371 dicamus,
1001 1322 1036 1360 ο
1063 1306 1236 1371 dura,
1267 1311 1322 1362 et
1353 1311 1414 1361 ut
1446 1307 1506 1362 in
1538 1324 1685 1379 pace
1714 1307 1946 1380 loquar,
1991 1325 2238 1382 prorsus
2271 1311 2641 1368 insensibilia
2673 1314 2921 1370 humani
2941 1333 3112 1383 gene-

96 1394 180 1447 ris
209 1393 392 1448 corda
428 1395 438 1448 ε
469 1394 612 1466 quia
644 1394 700 1448 in
734 1410 856 1466 quo
889 1394 1014 1448 viro
1047 1412 1197 1467 pene
1258 1394 1447 1450 tocius
1496 1395 1657 1450 orbis
1717 1398 1911 1467 capud
1964 1398 2270 1470 virtusque
2304 1402 2580 1468 concidit,
2613 1402 2690 1458 ad
2720 1403 2848 1472 ejus
2879 1405 3109 1460 obitum

95 1488 226 1538 tam
257 1483 522 1537 subitum
557 1488 799 1554 tamque
833 1483 1237 1556 periculosum
1266 1501 1410 1539 sane
1441 1485 1643 1539 nullus
1674 1485 1983 1553 ingemuit.

789 1629 952 1682 llunc
986 1632 1177 1681 rector
1207 1643 1417 1690 regum
1453 1627 1741 1682 Dominus
1769 1627 1990 1683 soletur
2021 1629 2079 1684 in
2108 1647 2311 1698 evum,

855 1718 1002 1771 Cum
1044 1715 1244 1787 pueris
1273 1716 1549 1771 Habrahe
1581 1717 1735 1772 vivat
1766 1722 1822 1772 et
1860 1717 1920 1772 in
1959 1719 2187 1790 requie.

173 1857 290 1914 Sed
320 1857 478 1912 filius
509 1857 638 1926 ejus
687 1857 951 1912 domnus
1006 1858 1377 1924 Heinriehus,
1433 1858 1492 1912 in
1519 1859 1684 1912 omni
1715 1858 1962 1930 quidem
1989 1859 2276 1916 virtutum
2307 1861 2670 1920 exhibitione
2703 1871 3108 1938 perstrenuus,

97 1953 240 2003 ante
273 1947 493 2002 scilicet
523 1947 584 2002 in
616 1948 935 2019 specialem
969 1948 1133 2015 regni
1168 1947 1584 2002 monarchiam
1619 1948 1879 2014 generali
1914 1949 2050 2004 cleri
2082 1951 2411 2024 populique
2439 1953 2810 2024 praelectione
2858 1971 3110 2012 corona-

96 2043 214 2106 tus,
248 2053 409 2092 nunc
451 2041 652 2092 autem
709 2038 836 2092 sine
894 2038 1111 2110 quavis
1167 2037 1653 2092 eontradictionis
1702 2038 1995 2107 molestia,
2045 2056 2284 2096 summa
2314 2041 2738 2098 christianismi
2766 2045 3105 2112 concordia,

95 2127 248 2182 solio
281 2126 487 2199 patris,
525 2129 642 2181 Deo
675 2126 895 2196 gratias
931 2128 943 2181 !
975 2131 1064 2182 est
1103 2127 1510 2182 intronizatus.

855 2269 1044 2334 Quem
1076 2271 1230 2324 Deus
1261 2269 1323 2324 in
1345 2268 1526 2323 tinem
1563 2274 1872 2324 conservet
1897 2269 2002 2325 rite
2027 2270 2296 2337 senilem,

928 2362 991 2414 Et
1018 2359 1293 2432 placidus
1326 2359 1546 2430 placito
1587 2361 1659 2416 sit
1687 2360 1822 2432 pius
1855 2361 1986 2432 ipse
2019 2378 2148 2416 suo.

171 2501 560 2559 Chronradus
593 2501 1045 2555 (Iarentinorum
1066 2501 1209 2572 dux,
1243 2503 1526 2574 patruelis
1553 2503 1882 2558 Chronradi
1913 2504 2316 2577 imperatoris,
2341 2505 2422 2561 13.
2455 2505 2580 2560 Kal.
2606 2510 2754 2576 Aug.
2789 2505 3110 2564 immatura

96 2600 314 2661 morte,
345 2592 510 2661 regio
541 2591 750 2645 morbo
777 2590 881 2645 diu
913 2592 1214 2662 fatigatus,
1246 2591 1540 2647 discessit.
1575 2592 1796 2648 Eodem
1851 2593 1945 2647 die
1999 2593 2356 2650 veneranda:
2407 2595 2712 2649 memoriae
2773 2595 3108 2651 Rihbardus

97 2682 294 2737 abbas
326 2680 636 2735 Fuldensis
668 2679 816 2734 obiit
848 2680 946 2746 ;in
980 2681 1151 2750 cujus
1183 2681 1382 2735 locum
1411 2681 1786 2748 Sigcwardus
1811 2681 2074 2752 juvenis,
2104 2682 2181 2738 ab
2212 2682 2342 2754 ipso
2375 2698 2446 2738 eo
2469 2682 2581 2738 loci
2603 2682 2662 2737 in
2694 2683 2897 2738 divino
2921 2682 3103 2739 servi-

97 2771 260 2825 mine
292 2768 644 2839 regulariter
675 2774 730 2823 et
759 2769 936 2823 etiam
972 2770 1270 2840 sapienter
1291 2771 1580 2824 enutritus
1614 2769 1850 2825 insedit.
1901 2770 2145 2824 Hisdem
2178 2770 2391 2825 diebus
2444 2770 2732 2825 Radulfus
2791 2771 2982 2826 abbas
3029 2772 3105 2830 de

99 2859 260 2914 Diuzi
296 2861 435 2930 (374)
470 2858 672 2913 obivit.
709 2858 800 2912 l’ie
825 2861 884 2912 in
915 2859 1146 2913 Christo
1180 2858 1528 2914 venerabilis
1553 2860 1857 2913 memoriae
1889 2859 2115 2914 domna
2147 2859 2367 2931 Sophia
2390 2865 2422 2915 6
2444 2859 2568 2915 Kal.
2607 2859 2902 2916 Februarii
2935 2859 3098 2916 obiit.

96 2948 209 3003 Sed
243 2947 384 3002 huic
414 2947 474 3001 in
497 2947 874 3002 Gandeshein
909 2963 1077 3001 soror
1108 2948 1236 3017 ejus
1261 2947 1575 3002 Adalheiht
1604 2947 2083 3014 Quidelingensis
2109 2947 2337 3003 domna
2365 2948 2674 3017 successit,
2716 2953 2772 3004 et
2792 2948 3100 3004 abbatiam

94 3037 320 3092 x’Esnidi
352 3037 496 3108 (375)
522 3035 898 3109 Theophanu
929 3037 1120 3108 neptis
1161 3053 1370 3091 earum
1411 3036 1684 3092 obtinuit.
1717 3038 1885 3107 (376).

170 3138 380 3219 senior
405 3165 610 3218 noster
635 3161 1005 3216 Thietmarus
1028 3161 1347 3233 episcopus
1373 3166 1509 3232 post
1535 3161 1768 3216 obitum
1797 3161 2092 3232 praedictae
2110 3161 2347 3218 domnae
2375 3161 2610 3235 Sophia:
2639 3161 2904 3217 decimas
2930 3178 3112 3234 super

93 3251 481 3308 Gandesbem
511 3249 1126 3321 circumjacentesque
1159 3250 1412 3317 villulas,
1454 3266 1610 3321 quas
1640 3251 1772 3321 ipsa
1807 3266 1842 3304 a
1898 3250 2115 3305 nostris
2147 3250 2480 3306 senioribus
2525 3251 2587 3305 in
2617 3250 2979 3306 bcneticium
3007 3251 3111 3308 ha.-

97 3341 223 3394 buit
256 3340 318 3393 in
349 3355 523 3393 suam
557 3339 906 3393 vestituram
938 3338 1113 3409 recipi
1144 3338 1344 3407 jussit.
1391 3339 1492 3393 Cui
1528 3341 1750 3393 Bezoea
1780 3339 2082 3410 preposita
2137 3355 2277 3394 cum
2333 3339 2456 3394 suis
2515 3340 2849 3395 fautoribus
2896 3340 3110 3394 frivola

96 3427 542 3484 machinatione
571 3427 796 3482 restitit.
835 3427 1075 3481 Hasmet
1105 3427 1371 3482 decimas
1409 3427 1532 3499 ipse
1567 3427 2095 3490 modoabbatissa
2121 3427 2828 3500 adveniente,pontiticali
2860 3428 3113 3482 auctori-

99 3522 212 3572 tate
235 3516 529 3588 repetivit,
564 3532 786 3589 easque
811 3532 916 3587 per
947 3532 1200 3570 manum
1233 3515 1512 3571 advocati
1541 3515 1854 3571 Christiani
1898 3516 2129 3570 comitis
2174 3533 2311 3570 cum
2361 3517 2545 3585 digna
2599 3516 2998 3571 satisfactione
3047 3517 3110 3571 in

95 3605 414 3679 proprium
447 3605 571 3660 sine
599 3604 811 3677 quavis
840 3603 1250 3659 interdictione
1347 3603 1471 3658 Kal.
1504 3604 1710 3660 Octob.
1758 3603 1962 3675 recipit
1991 3605 2051 3657 in
2101 3605 2285 3659 choro
2318 3603 2648 3676 aquilonali
2677 3620 2867 3675 ;quas
2895 3607 3106 3676 postea

97 3695 295 3750 cidem
328 3693 499 3750 altari
530 3700 585 3749 et
613 3693 918 3748 abbatisse
947 3692 1218 3748 beneticii
1252 3692 1464 3760 gratia,
1495 3692 1768 3764 quandiu
1815 3692 1942 3765 ipse
1968 3692 2142 3762 vivat,
2203 3691 2554 3765 repraestitit,
2604 3709 2714 3767 pro
2768 3708 2839 3747 eo
2888 3690 3108 3748 scilicet

99 3801 307 3854 censu,
341 3799 522 3856 quem
553 3787 758 3838 sancte
783 3782 1068 3837 memorie
1103 3780 1498 3837 Bernwardus
1530 3781 1848 3854 episcopus
1875 3781 2099 3836 ibidem
2151 3781 2418 3838 instituit.
2456 3779 2661 3837 Testes
2713 3781 3108 3837 Herimannus

97 3873 589 3946 archiepiscopus
621 3872 860 3927 Colonie
894 3888 1031 3926 cum
1065 3887 1184 3925 SlllS
1217 3875 1476 3942 quatuor
1506 3870 1754 3938 clericis,
1785 3870 1947 3926 Bodo
1978 3876 2178 3926 noster
2217 3870 2508 3937 decanus,
2541 3871 2728 3938 ΑΞΙΗΟ,
2766 3870 3108 3925 Wolt'herus

96 3962 547 4030 Volcawardus,
581 3961 951 4029 Reinbertus,
993 3959 1318 4028 \Volt‘erus,
1356 3959 1684 4026 Liudierus,
1749 3960 2158 4024 Merkbardus,
2194 3959 2496 4026 Werinus,
2549 3961 2876 4029 Bihdagus,
2940 3960 3109 4016 Thie-

97 4058 353 4120 tmarus,
403 4050 595 4119 lmezi,
651 4049 1017 4119 Adeldagus,
1079 4047 1410 4116 Liudierus,
1473 4049 1822 4115 Warmund,
1902 4049 2224 4115 Wolferus,
2306 4066 2444 4105 cum
2497 4049 2626 4106 aliis
2665 4049 2866 4104 multis
2918 4048 3106 4118 laicis,

102 4140 490 4196 Thietmarus
520 4155 744 4209 comes,
781 4138 946 4194 Uodo
976 4154 1200 4206 comes,
1234 4137 1533 4193 'l‘iedricus
1562 4154 1784 4194 comes.

177 4265 482 4321 lO.-10.ind.
515 4269 570 4321 8.
603 4268 798 4321 Novus
826 4280 927 4319 rex
958 4267 1160 4318 noster
1189 4263 1666 4319 incarnationem
1727 4263 1960 4319 Domini
2009 4265 2346 4323 Radisbone
2387 4265 2666 4321 decenter
2703 4265 2841 4336 egit,
2870 4269 2926 4320 et
2954 4264 3114 4337 puri-

99 4354 445 4410 ﬁcationem
472 4358 672 4409 sancte
702 4352 873 4408 Maric
904 4357 1166 4421 Auguste
1198 4351 1446 4422 degens,
1479 4352 1767 4424 placitum
1805 4353 2020 4410 habuit
2057 4371 2198 4411 cum
2247 4353 2564 4426 Cisalpinis
2617 4353 2987 4427 primoribus
3037 4354 3112 4409 de

100 4444 184 4499 rei
215 4443 456 4517 publice
482 4442 797 4498 stabilitate
828 4443 994 4512 (577).

779 4585 1141 4640 ANNALIUM
1180 4583 1870 4642 HILDESHEIMENSIUM
1911 4586 2346 4640 CONTlNUATﬂ

1296 4583 1870 4642 .DESHEIMENSIUM
1911 4586 2396 4640 CONTlNUATIO.
2429 4588 2494 4638 Λ.
2543 4583 2863 4640 1041-1108.

183 4729 343 4786 1041.
377 4727 499 4784 ind.
530 4731 581 4784 9.
613 4726 922 4783 Heinricus
952 4742 1054 4782 rex
1084 4725 1302 4781 ducem
1330 4724 1583 4781 Boemiae
1634 4727 1772 4781 Fra-

106 4819 331 4875 tislaun
358 4817 515 4873 bello
546 4817 689 4890 petit
725 4835 737 4883 ;
765 4815 872 4871 sed
903 4815 1105 4870 multis
1135 4814 1481 4886 proceribus
1511 4819 1564 4869 et
1621 4814 1772 4870 mili-

106 4910 268 4966 tibus
293 4908 355 4964 in
385 4905 835 4980 praestructione
885 4905 1049 4959 silvae
1082 4906 1228 4960 citra
1277 4909 1334 4960 et
1377 4903 1536 4959 ultra
1561 4903 1774 4959 occisis

105 4999 199 5056 vel
225 5002 448 5070 captis,
473 4995 556 5052 nil
583 4995 837 5066 dignum
868 4993 1098 5050 efﬁcere
1123 4993 1333 5066 potuit.
1364 4995 1568 5048 Petrus
1623 5009 1773 5065 quo-

102 5105 246 5161 que,
290 5085 688 5156 Ungariorum
746 5099 870 5152 rex,
920 5083 1118 5140 eidem
1173 5081 1312 5136 duci
1365 5084 1516 5150 (378)
1565 5087 1774 5137 contra

103 5178 455 5234 Heinricum
478 5192 684 5243 regem
707 5173 930 5230 auxilia
960 5173 1140 5229 misit.

182 5269 339 5324 1042.
371 5265 500 5322 ind.
531 5265 613 5319 10.
652 5263 892 5334 Ungarii
929 5261 1239 5336 quendam
1268 5263 1538 5318 Ovonem
1568 5274 1774 5328 regem

106 5356 227 5414 sibi
262 5356 572 5428 eligentes,
594 5356 832 5411 Petrum
851 5367 1054 5424 regem
1088 5365 1272 5407 suum
1302 5348 1626 5424 expellunt.
1662 5348 1778 5416 Qui

201 5518 330 5598 37a
359 5518 558 5598 ρθυίκο

238 5590 327 5666 75)
363 5590 567 5666 ξξβεη.

200 5657 326 5730 376)
360 5659 522 5713 Hinc
547 5657 676 5730 alia
706 5670 942 5712 manus.

199 5723 330 5802 377)
359 5731 524 5786 Hinc
552 5729 679 5787 alia
707 5741 920 5784 manus
937 5726 999 5781 in
1029 5723 1779 5794 membranapalimpsesta

1879 4725 2172 4798 profugus
2192 4729 2248 4781 et
2277 4725 2432 4795 exul,
2459 4725 2712 4781 Heinrici
2741 4725 2920 4794 regis,
2943 4724 3038 4781 cui
3063 4723 3247 4796 priori
3266 4739 3430 4780 anno
3449 4740 3538 4782 re-

1879 4816 2226 4884 bellaverat,
2268 4816 2519 4886 gratiam
2568 4815 2780 4888 quaerit
2835 4821 2891 4872 et
2937 4815 3178 4872 invenit.
3231 4815 3540 4870 Heinrieus

1881 4921 1983 4960 rex
2015 4905 2321 4960 Boemiam
2349 4905 2676 4975 ingressus,
2696 4904 2832 4974 igne
2859 4903 3185 4976 praedaque
3202 4907 3420 4958 cuncta
3437 4903 3537 4957 de-

1880 4997 2094 5064 vastat,
2125 4997 2181 5048 et
2203 4993 2485 5048 rebellem
2517 4993 2733 5048 ducem
2764 4993 3006 5048 obsides
3037 4992 3199 5057 dare,
3234 4995 3288 5046 et
3336 4991 3537 5063 ipsum

1880 5087 2096 5154 postse
2126 5081 2533 5153 Hadisponam
2561 5082 2637 5137 ad
2688 5081 3053 5136 deditionem
3090 5079 3393 5136 humiliter
3443 5096 3540 5136 ve-

1881 5171 2027 5239 nire,
2059 5170 2292 5242 sibique
2316 5170 2710 5241 jurejurando
2736 5169 3080 5226 ﬁdelitatem
3112 5169 3538 5242 servitiumque

1839 5291 1848 5298 -
1881 5260 2240 5315 conﬁrmare
2270 5263 2515 5315 coartat.
2537 5261 2661 5314 Ovo
2690 5275 2793 5314 rex
2827 5257 3244 5329 Ungariorum,
3285 5257 3366 5314 ob
3415 5274 3543 5314 sus-

1881 5351 2122 5419 ceptum
2144 5347 2223 5403 ab
2245 5347 2518 5403 Heinrieo
2547 5363 2682 5416 rege
2713 5350 2948 5403 Petrum
2987 5363 3024 5403 a
3080 5362 3144 5404 se
3195 5346 3538 5420 expulsum,

1881 5525 2067 5581 usque
2094 5524 2150 5565 a.
2190 5507 2324 5564 1100
2356 5509 2580 5564 exitum
2609 5522 2635 5580 ;
2662 5509 2923 5577 scriptor
2949 5509 3350 5579 imperatoris,
3385 5509 3542 5581 glos-

1882 5587 2048 5638 sator
2070 5581 2369 5649 pontiﬁcis
2392 5585 2606 5648 partes
2632 5582 3040 5650 amplectitur.

1957 5652 2109 5722 (378)
2138 5655 2362 5708 Ducem
2390 5651 2596 5708 codex.
