3874 6386
392 309 495 361 583

1186 293 1445 351 ANNAL.
1489 284 1928 345 HILDESHEIM.
1972 273 2483 346 QUEDLINBUBG.
2529 277 2919 336 WEISSEMB.
3749 281 3836 331 εδ.

1339 413 1666 472 ANNALES
1706 404 2368 465 HILDESHEIMENSES.
2405 408 2469 459 Α.
2508 404 2639 460 1043
2688 405 2838 460 1059.

393 555 544 609 ﬁnes
602 550 880 621 Bajoarize
929 544 1148 620 prredis
1180 546 1233 598 et
1262 538 1549 597 incendiis
1591 516 2027 607 depopulatur;
2068 529 2117 581 A
2223 528 2373 621 1033.
2416 528 2539 583 ind.
2564 532 2615 582 6.
2648 530 2759 583 Leo
2815 543 2977 600 papa
3033 526 3367 582 exercitum
3428 524 3701 581 ducens
3750 540 3837 595 per

395 647 481 698 set
530 656 751 709 magna
794 654 933 710 pars
985 632 1271 689 exercitus
1318 630 1446 700 ejus
1502 627 1579 683 ab
1648 622 2037 679 Atbelherone

396 729 736 786 marchione
765 725 955 781 deleta
986 728 1094 778 est.

469 838 618 891 1013.
650 834 772 889 ind.
812 833 892 886 ll.
925 829 1230 885 Heinricus
1262 843 1365 881 rex
1405 821 1778 879 Pannoniam
1811 818 2038 885 ingres-

396 944 516 991 sus,
548 925 703 979 duas
735 918 1230 995 populosissimas
1265 915 1528 970 civitates
1559 910 1782 979 evertit,
1840 906 2039 978 plures

394 1013 691 1071 deditione
718 1010 985 1080 subjecit.
1015 1007 1127 1061 Sed
1178 1021 1314 1060 cum
1347 1006 1579 1058 Petrum
1606 1014 1827 1067 regem,
1857 1009 2039 1066 quem

396 1119 601 1158 secum
623 1099 899 1166 ducebat,
914 1093 1306 1169 provinciales
1321 1090 1581 1161 recipere
1606 1083 2040 1153 nollent,alium

396 1208 575 1264 quem
606 1188 905 1262 petebant,
930 1186 1144 1240 ducem
1168 1182 1250 1236 eis
1284 1178 1582 1235 constituit
1611 1194 1622 1241 ;
1680 1189 1859 1246 quem
1918 1173 2040 1225 Ovo

396 1285 530 1353 post
559 1279 888 1334 discessum
913 1276 1040 1344 ejus
1085 1273 1142 1326 in
1196 1269 1497 1325 Boemiam
1553 1263 1826 1335 reppulit.
1886 1258 2041 1313 Gisla

394 1367 761 1441 imperatrix,
794 1370 981 1419 mater
1042 1359 1290 1415 Heinrici
1352 1356 1526 1426 regis,
1570 1353 1715 1410 obiit
1781 1352 1838 1405 16
1906 1347 2037 1402 Kal.

396 1458 599 1528 Martii,
632 1462 687 1511 et
717 1453 879 1527 apud
904 1452 1136 1524 Spiram
1177 1447 1475 1520 sepelitur.

474 1565 629 1619 1044.
661 1562 782 1617 ind.
815 1562 894 1615 1'2.
939 1558 1247 1613 Heinricus
1297 1571 1399 1609 rex
1442 1554 1654 1608 iterum
1708 1545 2043 1604 Pannonias

397 1652 712 1712 invadens,
745 1648 1227 1713 satisfactionem,
1259 1642 1518 1708 obsides,
1550 1653 1822 1701 munera,
1879 1632 2042 1706 pacis

398 1759 504 1814 per
529 1738 957 1812 jusjurandum
1012 1732 1531 1790 conﬁrmationem
1582 1726 1898 1798 accipiens,
1930 1722 2044 1776 dis-

401 1810 593 1886 cessit.
632 1810 770 1883 lnde
799 1840 1091 1889 reversus,
1126 1818 1560 1877 Constantiensi
1589 1814 1823 1887 synodo
1856 1810 2041 1876 atl'uit,

2150 616 2425 688 Apuliam
2480 622 2685 673 contra
2740 620 3116 672 Normannos
3163 615 3406 671 inﬁnita
3502 613 3833 685 utrobique

2148 706 2289 761 cede
2322 711 2578 778 peracta,
2604 706 2832 777 absque
2862 705 3109 760 victoria
3138 703 3515 775 regreditur,
3554 707 3624 759 et
3653 707 3691 758 2
3721 702 3834 757 Kal.

2145 794 2277 849 Julii
2308 795 2519 849 eodem
2550 810 2708 850 anno
2738 793 2903 849 obiit.

2227 902 2376 957 1054.
2437 902 2560 956 ind.
2613 909 2663 957 7.
2727 901 2903 956 Leoni
2945 916 3102 973 pape
3156 901 3603 966 Gehehardus,
3640 900 3751 973 qui
3794 908 3835 953 et

2148 992 2358 1055 Victor,
2389 991 2687 1046 successit.
2723 990 3102 1046 Atlialbertus
3154 990 3434 1045 marchio
3483 990 3679 1046 obiit.
3741 991 3832 1043 Fa-

2148 1096 2276 1135 mes
2308 1096 2527 1149 magna
2584 1080 2708 1136 fuit.
2758 1079 2908 1134 Welf
2961 1079 3085 1133 dux
3135 1079 3614 1135 Carinthiorum
3680 1079 3830 1135 obiit.

2152 1168 2502 1224 Counradus
2533 1168 2655 1223 dux
2687 1174 2861 1223 antea
2892 1167 3138 1222 Noricus
3168 1167 3246 1222 ab
3274 1167 3713 1240 imperatores
3754 1185 3832 1223 ex-

2150 1258 2378 1330 pulsus,
2408 1258 2466 1312 in
2490 1258 2795 1313 Pannonia
2820 1256 2957 1312 exul
2988 1256 3145 1311 male
3176 1256 3460 1313 moritur.
3518 1258 3697 1315 Hezil
3751 1274 3830 1312 co-

2151 1365 2278 1403 mes
2310 1348 2383 1401 de
2416 1347 2840 1403 Oleresteuvelt
2878 1346 3023 1401 obiit
3072 1350 3103 1400 6
3148 1346 3273 1402 Kal.
3319 1347 3502 1403 Febr.
3564 1348 3832 1403 Azelinus

2152 1437 2470 1509 episcopus
2504 1437 2668 1505 obiit,
2698 1435 2921 1493 Hettelo
2942 1435 3176 1503 eligitur
3201 1436 3372 1505 (380).

2232 1544 2381 1597 1055.
2417 1543 2539 1599 ind.
2574 1548 2625 1598 8.
2653 1543 3056 1599 Herimannus
3089 1541 3471 1599 Coloniensis
3539 1544 3834 1616 archiepi-

2154 1650 2371 1705 scopus
2398 1632 2588 1697 obiit;
2633 1648 2742 1704 pro
2796 1647 2917 1703 quo
2959 1631 3221 1686 domnus
3264 1635 3448 1688 Anno
3493 1633 3832 1689 ordinatur.

2232 1738 2385 1791 1056.
2420 1737 2541 1791 ind.
2568 1740 2621 1791 9.
2656 1740 2864 1805 Magna
2891 1736 3067 1793 cedes
3098 1752 3133 1792 a
3171 1735 3460 1793 barbaris
3516 1739 3635 1811 qui
3692 1740 3832 1795 Liut-

2156 1826 2249 1882 tici
2280 1826 2557 1880 dicuntur
2584 1825 2644 1879 in
2675 1825 3036 1881 Christianos
3067 1825 3224 1881 facta
3249 1831 3376 1894 est;
3408 1844 3701 1900 quorum
3724 1829 3833 1900 qui-

401 1920 502 1974 ubi
532 1917 760 1973 cunctis
786 1916 985 1970 debita
1017 1912 1260 1974 dimisit,
1295 1907 1725 1977 destructisque
1770 1900 2051 1957 omnibus
2089 1900 2128 1923 ”
2159 1916 2297 1970 dam
2333 1915 2549 1978 gladio,
2579 1915 2827 1985 quidam
2858 1912 3150 1983 fugientes
3177 1914 3238 1969 in
3284 1932 3452 1988 aqua
3478 1917 3832 1989 perierunt;

406 2007 746 2073 inimicitiis,
765 2021 974 2077 pacem
1002 2004 1288 2057 hactenus
1310 1997 1662 2060 inauditam,
1691 1998 1813 2047 tam
1841 1991 1898 2045 in
1933 1994 2052 2044 tota

406 2097 622 2153 Suevia
652 2111 838 2166 quam
882 2093 940 2147 in
970 2091 1096 2147 aliis
1123 2090 1212 2143 sui
1238 2086 1578 2161 provinciis,
1606 2084 1769 2151 regia
1799 2094 2051 2144 censura

404 2202 510 2256 per
537 2185 797 2238 edictuin
830 2179 1220 2236 conﬁrmavit.
1257 2176 1473 2231 Deinde
1506 2177 1793 2241 Agneten,
1853 2167 2051 2221 Wille-

404 2273 588 2329 helmi
623 2270 1003 2327 Pictaviensis
1032 2266 1325 2339 principis
1359 2264 1566 2330 ﬁliam,
1591 2261 1858 2329 reginam
1889 2255 2049 2328 apud

296 2396 299 2399 ‹
405 2361 808 2432 Mongontiam
836 2358 1020 2426 ungui
1052 2356 1290 2415 faciens,
1333 2351 1632 2415 regalibus
1663 2350 1769 2403 sibi
1830 2345 2049 2417 nuptiis

404 2451 464 2505 in
497 2447 939 2518 llingelenheim
994 2443 1294 2517 copulavit
1328 2461 1340 2508 ;
1376 2441 1533 2495 unde
1590 2438 1885 2493 inﬁnitam
1931 2434 2050 2489 his-

403 2539 663 2594 trionum
688 2543 744 2592 et
766 2535 1167 2606 joculatorum
1216 2529 1655 2586 multitudinem
1687 2526 1812 2580 sine
1840 2523 1973 2579 cibo
1999 2526 2054 2576 et

404 2627 753 2684 muneribus
805 2640 1061 2679 vacuam
1088 2628 1143 2677 et
1188 2624 1513 2676 merentem
1566 2616 1728 2672 abire
1764 2612 2047 2686 permisit.

406 2715 731 2788 Liupoldus
761 2713 1046 2777 marchio,
1090 2708 1390 2765 Adalberti
1419 2706 1591 2771 ﬁlius,
1626 2703 1889 2759 maxima
1940 2702 2051 2755 Un-

404 2806 708 2875 gariorum
732 2803 950 2865 clades,
981 2801 1275 2856 inmature
1307 2796 1470 2852 obiit.
1505 2794 1882 2850 Tbietmarus
1937 2789 2054 2861 epi-

406 2909 627 2965 scopus
657 2891 824 2958 obiit,
857 2889 1128 2945 Azelinus
1162 2886 1393 2957 eligitur
1424 2884 1587 2954 (3'79).

482 3001 636 3054 1045.
691 2997 814 3052 ind.
877 2999 956 3052 13.
1020 2994 1326 3048 Heinricus
1346 3007 1449 3046 rex
1475 2989 1654 3045 tercio
1712 2985 2053 3043 Pannonias

406 3088 590 3143 iratus
620 3085 979 3153 ingrediens,
1012 3082 1109 3137 Dei
1142 3082 1377 3136 favente
1410 3077 1745 3139 clementia,
1793 3080 1848 3130 et
1878 3076 2052 3129 beato

409 3173 725 3231 Oudalrico
755 3172 1034 3244 episc0po
1066 3170 1437 3241 impetrante,
1466 3167 1651 3221 victor
1667 3164 1877 3229 factus,
1909 3166 2055 3218 Ovo-

406 3280 547 3319 nem
578 3279 716 3318 cum
742 3276 925 3316 uxore
955 3264 1011 3314 et
1039 3258 1172 3313 ﬁliis
1203 3256 1609 3327 cognatisque,
1642 3253 1862 3326 quibus
1887 3252 2052 3306 locus

408 3351 699 3408 evadendi
728 3353 872 3417 erat,
901 3346 1222 3416 eifugabat,
1278 3348 1505 3399 Petrum
1539 3343 1599 3397 in
1624 3357 1874 3410 regnum
1897 3339 2056 3394 resti-

410 3441 517 3497 tuit
551 3459 562 3507 ;
593 3439 950 3510 subditoque
978 3436 1088 3491 sibi
1122 3433 1515 3503 Ungariorum
1561 3446 1766 3500 regno,
1818 3444 2056 3483 summa

407 3546 544 3585 cum
576 3530 800 3583 honore
822 3525 1148 3581 revertitur.

480 3638 634 3692 1046.
668 3635 789 3691 ind.
824 3635 906 3689 14.
932 3632 1239 3690 Heinricus
1279 3645 1381 3685 rex
1438 3627 1665 3683 Italiam
1725 3626 2051 3695 ingressus,

404 3726 651 3799 paciﬁce
680 3741 716 3779 a
743 3723 1028 3779 Romanis
1060 3718 1396 3792 suscipitur.
1422 3721 1613 3790 Papas
1646 3722 1761 3771 tres
1801 3732 1920 3770 non
1979 3713 2058 3768 di-

409 3830 522 3884 gne
553 3812 901 3868 constitutos
930 3808 1295 3881 synodaliter
1323 3805 1619 3879 deposuit,
1668 3810 1723 3861 et
1779 3803 2056 3869 Suidege-

407 3918 543 3957 rum
574 3899 1130 3968 Babenbergensem
1159 3898 1509 3968 episcopum
1553 3910 1777 3967 papam
1834 3893 2055 3948 consti-

410 3990 538 4058 tuit,
568 3988 813 4061 ipseque
838 3992 893 4042 et
916 3987 1135 4057 conjux
1165 3985 1296 4055 ejus
1326 3990 1521 4053 Agnes
1586 3984 1792 4053 regina
1843 3982 2054 4038 eadem

410 4078 505 4134 die
536 4076 827 4149 imperiali
856 4074 1265 4131 benedictione
1305 4073 1720 4130 sublimantur.

486 4185 639 4239 1047.
672 4182 794 4238 ind.
836 4182 913 4236 15.
945 4184 1144 4236 Petrus
1172 4196 1275 4235 rex
1302 4180 1697 4249 Ungariorum
1721 4194 1757 4233 a
1787 4177 2056 4249 quodam

410 4277 668 4345 tyranno
690 4269 1031 4326 Pannonico
1048 4273 1259 4340 captus
1277 4273 1635 4324 estczecatus
1665 4265 1761 4321 ille
1790 4264 1894 4336 qui
1918 4280 2056 4319 eum

408 4361 714 4434 expulerat
753 4375 1000 4429 regnare
1049 4357 1244 4431 coepit.
1298 4357 1655 4425 Suidegerus
1704 4369 1866 4427 papa
1914 4352 2059 4409 obiit

407 4451 619 4507 eodem
636 4466 758 4523 quo
790 4448 1168 4505 constituitur
1200 4464 1382 4519 anno,
1411 4461 1520 4518 pro
1540 4460 1663 4517 quo
1709 4447 1913 4516 Boppo
1967 4460 2059 4498 or-

2160 2004 2309 2059 inter
2335 2020 2489 2075 quos
2522 2002 2848 2058 Willelialm
2877 2003 3168 2076 marchyo
3197 2004 3521 2060 occiditur.
3588 2007 3835 2064 Hisdem

2161 2091 2528 2163 temporibus
2558 2092 2726 2146 multi
2768 2090 3145 2147 diversarum
3175 2093 3650 2163 provinciarum
3682 2096 3835 2168 prin-

2161 2182 2321 2253 cipes
2348 2181 2666 2252 perierunt.
2707 2184 2912 2244 Fames
2942 2180 3163 2236 multas
3214 2183 3569 2254 provintias
3612 2184 3833 2241 afﬂixit.

2162 2274 2402 2337 Egestas
2462 2274 2517 2325 et
2568 2270 2822 2341 penuria
2868 2270 3137 2343 undique
3189 2272 3577 2343 przevaluit;
3657 2274 3834 2329 multa

2162 2359 2319 2413 mala
2353 2363 2491 2413 tunc
2518 2358 2797 2429 temporis
2829 2358 2985 2414 facta
3012 2364 3169 2415 sunt.
3205 2360 3536 2417 Heinricus
3590 2363 3833 2435 impera-

2160 2453 2253 2502 tor
2281 2448 2372 2501 bis
2433 2448 2740 2502 doloribus
2780 2448 3137 2505 cordetenus
3191 2459 3641 2524 compunctus,
3685 2454 3831 2508 inﬁr-

2160 2536 2311 2590 mari
2343 2536 2520 2607 coepit
2554 2554 2566 2601 ;
2596 2540 2651 2591 et
2679 2536 3002 2608 perductus
3033 2555 3224 2611 usque
3269 2539 3350 2595 ad
3401 2546 3706 2611 mortem,
3754 2559 3833 2597 sa-

2160 2624 2341 2697 pienti
2382 2630 2578 2680 tamen
2602 2642 2745 2679 usus
2772 2626 3127 2693 consilio,ab
3152 2628 3445 2686 omnibus
3479 2632 3722 2704 quibus
3750 2649 3836 2704 po

2162 2715 2268 2770 tuit
2290 2714 2527 2769 veniam
2548 2716 3155 2787 petens,quibusdam
3172 2719 3404 2790 praedia
3417 2737 3574 2792 quae
3605 2722 3839 2778 obstulit

2162 2803 2495 2870 restituens,
2528 2805 2755 2860 cunctis
2778 2805 2882 2876 qui
2904 2811 3114 2862 contra
3140 2823 3280 2864 eum
3297 2808 3523 2881 culpas
3547 2811 3838 2885 dampna-

2160 2891 2306 2946 biles
2340 2892 2605 2947 fecerunt
2634 2893 2934 2961 relaxans,
2990 2894 3182 2951 ﬁlium
3234 2913 3419 2953 suum
3494 2901 3837 2956 Heinricum

2164 2979 2410 3034 Romani
2468 2980 2767 3051 pontiﬁcis
2823 2986 3277 3057 ceterorumque
3358 2988 3747 3058 pontiﬁcum
3798 2998 3837 3043 ei

2161 3068 2499 3139 principum
2531 3068 2815 3123 electione
2843 3086 3045 3138 regem
3086 3072 3412 3130 constituit.
3452 3076 3564 3132 His
3610 3084 3673 3135 et
3705 3079 3835 3134 aliis.

2163 3161 2340 3227 prout
2364 3157 2727 3228 possibilitas
2778 3158 2912 3214 vita:
2972 3159 3232 3223 admisit,
3280 3161 3445 3219 bene
3507 3165 3837 3240 dispositis.

2165 3249 2194 3298 3
2223 3247 2368 3298 Non.
2428 3244 2694 3299 Octobris
2746 3246 2902 3302 hanc
2956 3247 3140 3304 vitam
3194 3258 3557 3322 presentem
3617 3256 3685 3311 in
3743 3258 3841 3310 Deo

2163 3331 2372 3386 ﬁnivit.

2235 3442 2405 3492 Anno
2440 3438 2671 3494 Domini
2697 3440 2850 3495 1057.
2875 3440 2999 3497 ind.
3034 3446 3085 3497 9.
3123 3442 3460 3517 Heinricus,
3484 3448 3664 3507 ﬁlius
3689 3452 3843 3505 Hein-

2164 3525 2267 3581 rici
2296 3526 2692 3598 imperatoris,
2745 3528 3079 3586 admodum
3124 3548 3275 3605 puer
3318 3536 3515 3608 cmpit
3574 3556 3840 3611 regnare.

2164 3619 2358 3684 Agnes
2384 3615 2755 3687 imperatrix,
2783 3623 2974 3673 mater
2998 3619 3186 3692 ipsius
3214 3622 3507 3692 Heinrici,
3559 3628 3839 3685 ducatum

2166 3706 2423 3778 suscepit
2452 3707 2752 3776 Itajoariae.
2791 3709 2985 3764 Victor
3011 3726 3175 3787 pap_a
3204 3712 3413 3769 multis
3476 3716 3549 3773 in
3608 3720 3839 3776 Germa-

2164 3794 2264 3849 nia
2300 3794 2447 3849 bene
2479 3794 2799 3867 dispositis,
2843 3800 3094 3854 Romam
3147 3800 3341 3868 rediit,
3392 3808 3455 3858 et
3489 3808 3728 3864 eodem
3758 3824 3838 3862 an-

2164 3898 2243 3937 no
2274 3882 2457 3938 vitam
2488 3883 2680 3939 ﬁnivit
2709 3903 2721 3951 ;
2754 3901 2863 3957 pro
2893 3902 3017 3958 quo
3042 3888 3401 3957 Fridericus,
3461 3895 3583 3967 qui
3634 3903 3697 3953 et
3741 3900 3839 3951 Ste

2162 3972 2424 4044 phanus,
2451 3972 2628 4027 frater
2654 3973 2951 4030 Godefridi
2977 3976 3169 4045 ducis,
3205 3978 3339 4049 jam
3379 3988 3751 4042 monachus
3792 3986 3837 4039 in

2163 4063 2366 4113 monte
2392 4060 2635 4115 Cassino
2669 4060 2882 4131 factus,
2933 4078 2969 4118 a
3015 4065 3299 4121 Romanis
3354 4072 3661 4140 pontifex
3690 4091 3838 4131 cons-

2164 4147 2406 4223 tituitur.
2441 4148 2543 4203 Hic
2570 4149 2748 4205 etiam
2779 4151 2992 4207 eodem
3022 4169 3186 4210 anno
3232 4154 3404 4214 obiit.
3473 4164 3643 4220 Item
3704 4163 3837 4220 obie~

2163 4240 2303 4291 runt
2339 4236 2630 4293 Adelbero
2659 4239 3170 4311 Babenbergensis
3208 4244 3562 4320 episcopus
3596 4258 3660 4311 et
3689 4254 3834 4310 Ottho

2165 4325 2288 4381 dux
2317 4326 2391 4381 de
2415 4327 2753 4385 Suinvurdi.

2242 4432 2374 4487 1058
2405 4432 2528 4489 ind.
2568 4435 2650 4489 10.

406 4540 665 4596 dinatur.
695 4539 869 4596 Ottho
898 4538 1022 4594 dux
1045 4539 1375 4594 Suevorum
1400 4534 1564 4601 obiit,
1598 4550 1709 4606 pro
1730 4549 1852 4605 quo
1883 4532 2053 4588 Ottho
2091 4562 2138 4617 Β
2246 4538 2398 4595 1059.
2432 4540 2555 4595 ind.
2596 4542 2678 4597 11.
2710 4542 3076 4615 Liuppoldus
3116 4549 3654 4617 Mogontiacensis
3670 4557 3831 4615 mem-

407 4629 480 4685 de
518 4628 832 4686 Siunvurdi
861 4626 1131 4682 surrexit.

480 4720 632 4774 1048.
657 4717 781 4773 ind.
824 4718 866 4771 1.
906 4719 1109 4788 Βορρο
1140 4729 1304 4787 papa
1334 4712 1499 4776 obiit,
1541 4727 1702 4766 anno
1753 4726 1876 4784 quo
1922 4726 2058 4765 con-

407 4808 692 4875 stituitur;
724 4823 834 4881 pro
857 4821 979 4879 quo
1015 4808 1229 4867 Bruno,
1262 4802 1365 4875 qui
1415 4804 1470 4854 et
1520 4801 1655 4866 Leo,
1689 4800 2057 4857 Tullensium

406 4897 671 4966 antistes,
746 4910 908 4968 papa
983 4891 1309 4948 ordinatur.
1376 4888 1680 4946 Heinricus
1736 4888 2058 4961 imperator

403 4987 687 5043 nascitur.

481 5078 638 5132 1049.
668 5074 792 5129 ind.
826 5077 880 5126 ‘2.

482 5166 635 5219 1050.
665 5163 788 5218 ind.
841 5161 891 5216 3.
928 5158 1139 5215 Bartho
1179 5153 1662 5226 archiepiscopus
1709 5154 1885 5224 obiit;
1946 5173 2056 5229 pro

407 5267 531 5325 quo
552 5250 880 5322 Liupoldus
908 5246 1238 5302 ordinatur.

434 5372 441 5377 ο
486 5338 639 5393 1051.
668 5337 791 5392 ind.
823 5340 877 5391 4.

485 5427 639 5480 1052.
672 5424 797 5480 ind.
824 5428 877 5479 5.

482 5566 629 5638 (379)
660 5566 805 5623 Haec
834 5563 1007 5620 initio
1036 5563 1185 5618 ιιηηὶ
1201 5563 1281 5638 ad
1303 5564 1601 5638 maginem
1649 5566 1897 5638 scripta,
1919 5569 2053 5635 jam

410 5635 755 5717 ἱεμηᾳὸεοίεα
790 5640 952 5717 sunt,
980 5639 1044 5717 τίς
1072 5636 1312 5717 nonnisi
1341 5678 1353 5690 .
1386 5676 1398 5690 .
1437 5678 1450 5691 .
1478 5650 1685 5693 marus
1738 5635 2055 5711 episcopus

411 5707 558 5764 obiit
587 5749 600 5764 .
636 5750 649 5763 .
686 5749 698 5762 .
738 5722 852 5764 nus
880 5704 1113 5774 eligitur
1143 5706 1396 5776 legatur.

2166 4628 2483 4700 episcopus
2514 4630 2698 4697 obiit;
2730 4646 2839 4703 pro
2870 4649 2991 4704 quo
3031 4634 3281 4691 Sifridus
3314 4639 3664 4703 Fuldensis
3720 4663 3834 4703 con-

2167 4716 2440 4808 stituitur.
2492 4720 2741 4775 Sanctus
2791 4724 2995 4777 Conno
3049 4724 3437 4784 Trevirorum
3528 4737 3835 4808 episc0pus

2163 4806 2576 4877 martyrizatur
2609 4826 2621 4875 ;
2662 4808 2722 4863 in
2749 4808 2984 4866 deserto
3026 4810 3160 4868 loco
3199 4829 3236 4869 a
3267 4806 3629 4889 scopuloso
3659 4806 3835 4882 monte

2161 4896 2249 4989 ter
2277 4894 2679 4989 praecipitatus
2706 4902 2793 4952 est
2812 4913 2848 4953 a
2869 4899 3234 4989 Tbeodorico
3264 4906 3530 4977 comite,
3562 4929 3645 4971 eo
3700 4912 3833 4989 quod

2164 4982 2395 5054 absque
2420 4983 2705 5040 electione
2732 4987 3085 5043 constitutus
3103 4994 3216 5060 est,
3243 4997 3301 5048 et
3316 4999 3627 5069 sepultus
3648 4982 3739 5060 est
3757 5005 3836 5057 Dc

2160 5070 2275 5126 leia
2309 5088 2323 5138 ;
2358 5071 2440 5126 ibi
2460 5088 2565 5144 per
2594 5072 2762 5129 illum
2792 5076 3081 5133 Dominus
3101 5079 3295 5136 multa
3316 5081 3513 5153 signa
3541 5097 3695 5150 tunc
3728 5100 3837 5149 tear

2162 5159 2325 5230 poris
2356 5160 2511 5216 fecit.
2547 5163 2674 5234 Ipse
2702 5179 2905 5220 comes
2934 5171 3070 5238 post
3098 5168 3359 5228 modum
3417 5183 3834 5248 paenitentiam

2162 5263 2368 5317 agens,
2403 5253 2460 5303 et
2515 5250 2989 5324 Hierosolymam
3034 5271 3317 5328 pergens,
3380 5264 3601 5327 vitam
3656 5272 3835 5329 ﬁnivit.

2162 5341 2219 5393 et
2241 5353 2450 5394 omnes
2469 5342 2867 5432 consentanci
2896 5344 3025 5413 ejus
3051 5345 3216 5404 mala
3246 5357 3456 5411 morte
3495 5362 3832 5432 perierunt:

2161 5440 2272 5498 pro
2302 5442 2424 5498 quo
2455 5429 2625 5485 Oudo
2665 5431 3062 5489 constituitur.

2159 5568 2928 5715 nJESOQé’s’cZ'SSi‘Sﬁa’f'?
2943 5581 3729 5723 Ϋίίἔέξῖίὲιέῗιῖξαδθηίαν
3757 5640 3768 5654 ’
3794 5636 3825 5651 "
