3968 6376
106 237 220 287 58ἒί

839 236 918 288 ET
958 235 1297 288 LAMBERTI
1338 233 1916 291 ASCHAFNABURG.
1960 234 2136 289 PARS
2174 236 2450 291 ALTERA
2493 238 2819 292 GENlIl-NA.

3441 246 3542 297 586

1072 361 1392 414 ANNALES
1435 358 2098 415 IllLDESllElMENSES.
2143 361 2207 412 Α.
2255 362 2580 415 1060-1090.

194 450 351 500 10110.
384 445 509 499 ind.
548 451 631 499 1‘2.
675 450 825 508 10111,
861 445 984 499 ind.
1024 451 1105 501 13.
1161 451 1311 500 1062.
1347 446 1467 502 ind.
1506 451 1589 504 1i.
1618 453 1772 503 1063.
1816 465 1832 500 1

1969 461 2020 499 m
2051 444 2200 500 inter
2231 445 2588 520 Liupoldum
2619 447 3052 514 inarchionem,
3087 453 3144 502 et
3171 451 3558 507 Counradum

108 533 244 601 ind,
283 539 361 588 121.
403 537 558 588 1061.
585 534 708 588 ind.
744 539 791 588 1.

195 627 350 678 1065.
380 622 505 678 ind.
539 629 592 676 2.
626 624 962 678 Guntherus
1016 623 1526 694 Bahenbergensis
1557 625 1783 697 episco-

109 726 234 781 pus
265 710 440 776 obiit;
475 727 586 783 pro
613 727 736 782 quo
769 711 1169 766 Herimannus
1210 712 1605 767 constituitur.
1651 715 1788 768 Goz-

108 796 316 851 winus
349 814 575 866 comes,
609 797 687 853 ob
718 798 1098 854 exercitatam
1127 799 1188 853 in
1228 799 1532 871 episcopio
1580 800 1789 855 Wirce-

107 885 406 951 burgensi
436 884 741 956 iniuriam,
784 901 819 940 a
866 884 1159 940 militibus
1200 886 1596 942 Adalberonis
1639 888 1788 960 epis-

112 973 255 1045 copi
283 972 592 1028 occiditur.

197 1065 352 1117 1066.
383 1061 510 1116 ind.
545 1066 596 1117 3.
633 1065 876 1118 Cometa
907 1062 1160 1129 videtur,
1192 1067 1250 1118 et
1273 1063 1485 1132 Anglia
1534 1079 1570 1120 δ.
1620 1067 1785 1120 Nort-

115 1150 318 1206 manis
347 1149 659 1205 subicitur.

196 1244 354 1294 1067.
381 1238 507 1294 ind.
540 1241 594 1293 4.
668 1243 822 1293 10118.
853 1239 978 1294 ind.
1134 1243 1288 1295 1069.
1323 1239 1447 1296 ind.
1482 1246 1534 1296 6.

197 1333 354 1385 1070.
386 1327 510 1384 ind.
569 1333 620 1383 7.
680 1328 821 1384 Dedi
881 1328 1151 1384 marchio
1203 1328 1330 1399 regi
1377 1329 1648 1386 Heinrico
1703 1345 1789 1386 re-

111 1417 324 1474 bellat.
1097 1483 1100 1488 ι

194 1504 354 1559 1071.
384 1503 506 1560 ind.
537 1508 586 1560 8.
624 1506 818 1574 Ottho,
851 1505 975 1561 dux
1010 1506 1313 1576 Bajoariae,
1347 1507 1472 1576 regi
1518 1507 1788 1564 Heinrico

114 1593 390 1648 rebellat.

196 1683 354 1737 1072.
387 1681 510 1737 ind.
545 1689 598 1738 9.
648 1683 974 1755 Conjurant
1011 1685 1308 1758 principes
1362 1685 1531 1754 regni
1581 1691 1789 1742 contra

116 1772 442 1827 Henricum
472 1787 693 1841 regem.

196 1860 354 1916 1073.
407 1859 530 1914 ind.
590 1861 672 1915 10.
710 1863 974 1917 Saxones
1029 1861 1394 1933 Hartesburg
1439 1861 1790 1931 destruunt;

115 1948 224 2003 ubi
253 1947 412 2017 regis
441 1947 545 2003 ﬁlii
573 1948 958 2020 sepulchrum
985 1949 1229 2016 violant,
1273 1967 1530 2023 ossaque
1563 1951 1794 2023 disper-

113 2042 292 2108 gunL

195 2125 354 2179 107i.
383 2123 505 2179 ind.
543 2123 622 2178 ll.
657 2124 994 2180 Alexandro
1012 2141 1186 2196 papte
1214 2124 1640 2180 Hildibrandus
1662 2141 1791 2180 suc-

113 2213 320 2270 cessit.

194 2302 351 2355 1075.
386 2301 507 2356 ind.
558 2302 640 2355 1‘2.
673 2301 894 2357 Bellum
921 2305 1096 2358 Juxta
1146 2304 1432 2358 Unstrhut
1477 2303 1790 2359 committi-

112 2397 212 2445 tur
244 2396 275 2444 5
309 2389 389 2445 Id.
425 2391 579 2445 Junii
607 2395 813 2445 contra
855 2407 1057 2462 regem
1082 2392 1438 2461 Heinricum,
1491 2392 1594 2447 ubi
1617 2391 1790 2448 multi

113 2484 391 2551 potentes
420 2497 492 2535 ex
519 2484 771 2552 utraque
811 2484 978 2552 parte
1009 2481 1369 2550 ceciderunt,
1418 2486 1475 2536 et
1521 2484 1787 2537 Saxones

115 2571 331 2638 fugam
360 2570 638 2625 inierunt.

194 2661 351 2715 1076.
387 2661 509 2715 ind.
560 2661 642 2715 13.
691 2660 1018 2716 Concilium
1063 2661 1411 2716 Wormaciae
1461 2677 1786 2732 congrega-

112 2755 231 2816 tur,
268 2749 369 2805 ubi
403 2749 826 2805 Hildibrandus
853 2767 1016 2822 papa
1045 2751 1376 2806 abdicatur.

193 2840 348 2894 1077.
382 2839 505 2893 ind.
548 2839 623 2893 I’i.
662 2841 927 2893 Domnus
956 2845 1128 2894 Anno
1175 2839 1541 2895 Coloniensis
1594 2840 1786 2895 archi-

109 2928 438 3000 episcopus
477 2927 682 2983 0111119.
736 2931 881 2983 Non.
933 2928 1242 2983 Decembr.
1299 2929 1407 2994 Qui
1458 2944 1530 2983 ex
1574 2929 1784 2985 funda—

108 3022 320 3072 mento
381 3022 411 3071 5
453 3017 946 3086 congregationes
996 3017 1148 3083 fecit,
1201 3017 1356 3072 duas
1401 3017 1460 3072 in
1513 3018 1778 3086 Colonia,

109 3122 300 3161 unam
333 3105 392 3160 in
424 3105 651 3161 honore
685 3109 903 3159 sanctae
954 3106 1165 3173 Mariae,
1213 3104 1395 3160 aliam
1443 3105 1502 3160 in
1552 3106 1780 3161 honore

108 3193 300 3248 sancti
337 3193 566 3261 Georgii
597 3192 897 3264 martyris.
930 3197 986 3248 et
1015 3199 1180 3248 extra
1205 3209 1391 3248 unam
1420 3193 1481 3248 in
1506 3192 1640 3249 loco
1673 3193 1777 3266 qui

105 3287 361 3338 vocatur
383 3281 691 3337 Grascabf.
725 3287 780 3337 et
806 3281 866 3336 in
899 3281 1016 3337 alio
1045 3281 1178 3336 loco
1209 3282 1312 3354 qui
1345 3287 1593 3338 vocatur
1624 3283 1778 3339 Sale-

105 3377 248 3441 vett,
281 3387 470 3426 unam
496 3371 556 3426 in
586 3375 786 3427 monte
816 3371 921 3443 qui
951 3375 1199 3427 vocatur
1232 3371 1533 3442 Sigeberg,
1563 3372 1623 3427 in
1652 3389 1774 3444 quo

106 3461 354 3517 feliciter
391 3459 740 3532 requiescit;
792 3476 900 3531 pro
949 3475 1070 3531 quo
1112 3459 1403 3515 Hildolfus
1452 3460 1773 3532 episcopus

105 3550 442 3606 ordinatur.
473 3553 667 3616 Agnes
697 3547 1042 3620 imperatrix
1090 3548 1254 3603 obiit.
1306 3547 1633 3604 Boudolfus
1672 3565 1775 3604 rex

104 3636 468 3696 constitutus
521 3641 610 3692 est
655 3636 714 3691 in
761 3636 892 3692 loco
946 3636 1051 3708 qui
1082 3636 1296 3692 dicitur
1333 3637 1672 3702 Vorhheim,
1719 3641 1776 3692 et

103 3727 168 3781 in
193 3725 399 3780 media
442 3723 907 3797 quadragesima
951 3725 1115 3797 apud
1159 3723 1518 3794 Mogontiam
1558 3728 1773 3780 unctus

104 3819 193 3870 est
219 3814 282 3869 in
320 3829 526 3884 regem
577 3829 614 3868 a
662 3812 874 3868 Sifrido
930 3811 1401 3884 archiepiscopo.
1455 3813 1773 3870 Discordia

101 3905 268 3959 inter
292 3918 514 3972 papam
541 3907 595 3958 et
624 3917 821 3972 regem
855 3903 1184 3959 Henricum
1210 3908 1500 3958 renovata
1535 3918 1653 3972 pro
1687 3917 1774 3958 re-

101 3993 195 4063 gis
217 3990 623 4046 inobedientia
651 3989 813 4061 (381).

184 4081 341 4135 1078.
369 4079 493 4134 ind.
536 4079 617 4132 15.
670 4077 892 4133 Bellum
932 4078 1105 4149 juxta
1138 4077 1349 4134 Strowi
1377 4077 1773 4134 commissum

103 4172 210 4225 est.
242 4173 272 4222 7
303 4166 387 4223 Id.
420 4171 650 4236 August
700 4164 986 4220 Hildolfus
1035 4165 1358 4238 episcopus
1406 4164 1772 4223 Coloniensis

102 4255 252 4313 obiit
277 4273 290 4321 ;
324 4271 434 4326 pro
463 4269 586 4327 quo
619 4253 950 4322 Sigewinus
977 4253 1306 4310 ordinatur.

180 4345 341 4399 1079.
356 4342 479 4398 ind.
500 4347 548 4397 1.
573 4341 802 4397 Bellum
815 4342 988 4412 juxta
1006 4340 1360 4398 I‘latecheim
1381 4342 1772 4397 commissum

103 4438 196 4490 est
247 4438 278 4488 5
338 4431 464 4487 Kal.
518 4431 684 4486 Febr.
739 4429 949 4486 Hettilo
1001 4430 1321 4503 episcopus
1389 4429 1772 4486 Hildineshei—

102 4519 334 4577 mensis
382 4518 546 4575 obiit.
589 4519 756 4575 Sedit
808 4519 872 4574 in
915 4519 1260 4588 episcopatu
1299 4519 1475 4573 annis
1518 4522 1586 4573 211
1629 4560 1641 4573 .
1696 4560 1707 4572 .
1755 4559 1766 4572 .

104 4612 252 4667 dies.
296 4653 307 4664 .
348 4651 360 4664 .
395 4608 497 4665 Cui
528 4606 815 4663 successit
849 4606 994 4678 Udo,
1027 4606 1244 4662 nobilis
1274 4607 1404 4677 ejus
1423 4606 1771 4662 canonicus.

181 4700 339 4754 1080.
372 4697 496 4752 ind.
525 4701 578 4751 2.
612 4695 788 4768 Apud
811 4695 1137 4751 Briximam
1165 4695 1436 4750 Noricam
1468 4699 1534 4751 30
1558 4694 1782 4767 episco-

102 4803 328 4861 porum
357 4800 718 4857 magnaeque
750 4784 934 4856 partis
965 4784 1324 4856 optimatum
1346 4783 1514 4853 regni
1532 4799 1784 4839 conven-

103 4882 199 4932 tus
245 4880 458 4931 contra
510 4873 968 4928 IIildibrandum
1014 4872 1288 4928 habetur.
1342 4871 1566 4926 Bellum
1611 4872 1784 4942 juxta

108 4965 323 5021 Elstret
348 4962 738 5019 committitur
769 4961 971 5017 Idibus
1001 4961 1308 5028 Octobris;
1358 4960 1420 5015 in
1454 4975 1576 5032 quo
1626 4963 1782 5021 Bou-

105 5053 310 5111 dolfus
337 5069 463 5120 rex,
496 5050 601 5124 qui
632 5055 706 5118 et_
719 5051 864 5118 dux,
898 5050 1209 5107 occiditur.

185 5143 344 5198 1081.
377 5141 504 5198 ind.
538 5146 592 5198 3.
623 5140 928 5197 Heinricus
957 5155 1064 5196 rex
1092 5142 1346 5194 Romam
1376 5137 1630 5194 obsedit.
1667 5136 1786 5194 Bel-

178 5390 326 5461 (381)
367 5389 559 5443 Manu
606 5388 794 5444 seculi
850 5389 972 5443 XII
1016 5388 1242 5443 inserta.
1307 5387 1512 5443 littera
1543 5387 1788 5458 obliqua

110 5462 538 5532 wpressimus.

182 5529 328 5603 (382)
369 5529 690 5587 Hochstad.

205 5604 335 5674 383)
370 5603 498 5657 Vox
520 5617 669 5671 pene
694 5606 818 5656 tota
850 5601 1102 5656 abscisa.

199 5671 333 5741 384)
376 5674 524 5729 Haec
550 5687 735 5730 manu
785 5674 1067 5727 correctis
1109 5671 1336 5739 scripta
1375 5673 1509 5741 jam
1559 5671 1790 5729 abscisa

624 5763 870 5817 Pu-ROL.
903 5760 1076 5818 CXLI.

1893 533 2137 589 fratrem
2160 535 2330 590 ducis
2362 536 2613 591 Boemiaa
2646 540 2676 591 4
2709 535 2786 591 1d.
2817 536 2964 592 Maii.
3002 541 3144 592 Item
3162 537 3389 595 bellum
3413 540 3564 596 inter

1897 625 2121 678 Suevos
2153 629 2208 678 et
2229 625 2531 695 Bajoarios
2555 626 2729 695 juxta
2762 623 3126 693 Danubium,
3159 626 3292 682 loco
3322 629 3424 701 qui
3459 647 3562 685 vo-

1894 716 2062 766 catur
2092 711 2398 768 Hohstetin
2445 715 2587 784 (382)
2635 719 2663 769 3
2713 713 2852 768 Idus
2902 719 3050 783 Aug.
3107 715 3413 772 Heinricus
3461 736 3564 773 rex

1894 805 2070 855 natus
2100 806 2204 866 est,
2229 802 2436 872 junior
2467 803 2623 857 lilius
2653 805 2820 872 (383).

1974 890 2127 943 1082.
2160 890 2284 944 ind.
2319 893 2370 946 4.
2408 891 2803 946 Herimannus
2835 907 3090 962 regnum
3141 893 3390 966 invadit,
3436 903 3487 950 et
3530 912 3566 952 a

1892 978 2196 1049 Sigefrido
2212 981 2562 1050 Mogontiuo
2594 981 2936 1035 ordinatur.

1973 1069 2126 1124 1083.
2163 1069 2287 1124 ind.
2332 1075 2382 1124 ii.
2417 1072 2605 1125 Roma
2645 1075 2821 1143 capta
2873 1076 2960 1126 est
3012 1077 3064 1127 et
3110 1073 3567 1130 Hildebraudus

1889 1173 2056 1227 papa
2087 1160 2374 1226 expulsus
2397 1159 2474 1213 ab
2507 1159 2775 1214 Ileinrico
2799 1175 2958 1228 rege,
2990 1163 3046 1215 et
3075 1161 3409 1231 pestilentia
3439 1180 3567 1218 ma-

1896 1262 2016 1316 gna
2041 1246 2196 1302 facta
2227 1253 2332 1303 est.
2365 1247 2785 1317 Herimannus,
2814 1249 2918 1320 qui
2950 1263 3204 1319 regnum
3247 1251 3565 1319 invaserat,

1895 1335 2246 1392 orientalem
2281 1336 2589 1392 Franciam
2614 1337 2901 1392 hostiliter
2927 1337 3274 1408 ingreditur.

1975 1425 2128 1480 1081.
2164 1426 2288 1481 ind.
2318 1432 2369 1481 6.
2406 1426 2709 1482 Heinricus
2739 1427 3065 1499 imperator
3088 1427 3162 1482 de
3191 1429 3353 1484 Italia
3375 1447 3567 1485 rever-

1895 1515 2055 1582 titur,
2083 1520 2140 1570 et
2169 1521 2436 1583 Augusta
2467 1515 2544 1570 ab
2571 1532 2642 1571 eo
2670 1516 2978 1571 obsidetur
3017 1522 3072 1571 et
3121 1518 3370 1589 capitur.
3412 1519 3566 1574 Heri-

1897 1621 2158 1660 mannus
2203 1605 2716 1674 Babenbergensis
2763 1606 3081 1679 episcopus
3123 1606 3288 1674 obiit,
3333 1609 3434 1680 qui
3488 1609 3566 1664 ab

1896 1694 2206 1766 episcopio
2233 1693 2520 1766 expulsus
2549 1699 2659 1749 est.
2694 1694 3020 1764 Sigefridus
3081 1697 3568 1770 archiepiscopus

1896 1782 2044 1838 obiit
2069 1783 2128 1838 in
2169 1783 2512 1854 Thuringia,
2565 1789 2622 1838 et
2666 1783 2830 1855 apud
2885 1787 3214 1851 Hasungun
3263 1787 3564 1858 sepelitur,

1902 1888 2011 1944 pro
2039 1889 2161 1944 quo
2194 1872 2518 1928 Wezelinus
2548 1872 2942 1928 constituitur.

1978 1961 2132 2016 1085.
2166 1961 2291 2016 ind.
2321 1968 2372 2016 7.
2411 1961 2690 2033 Synodus
2721 1962 3031 2031 Mogontiaa
3085 1963 3248 2036 apud
3291 1969 3566 2021 sanctum

1900 2049 2202 2105 Albanum
2234 2049 2510 2105 habetur.
2556 2051 2842 2106 Obierunt
2866 2051 3181 2120 Gregorius
3229 2068 3411 2125 papa,
3463 2055 3569 2126 qui

1900 2142 1956 2194 et
1985 2138 2431 2203 Ilildibrandus,
2464 2139 2796 2194 Tietmarus
2841 2141 3175 2194 Wormatiae
3225 2142 3565 2214 episcopus,

1901 2226 2296 2282 Herimannus
2327 2227 2626 2283 Palatinus
2650 2244 2869 2284 comes.
2906 2228 3210 2284 Heinricus
3240 2245 3344 2285 rex
3387 2231 3568 2286 Saxo-

1897 2316 2064 2371 niam
2093 2320 2306 2371 vastat.

1974 2405 2128 2460 10817.
2171 2404 2294 2458 ind.
2326 2407 2376 2460 8.
2405 2405 2670 2462 Saxones
2718 2422 2851 2461 cum
2892 2408 3101 2463 Suevis
3167 2409 3564 2465 Werceburch

1896 2493 2274 2562 obsederunt,
2307 2494 2388 2549 ad
2427 2497 2599 2562 cujus
2633 2495 3042 2552 liberationem
3077 2497 3406 2565 imperator
3431 2514 3564 2554 cum

1895 2598 2114 2653 magna
2146 2599 2329 2638 manu
2362 2587 2518 2638 venit
2541 2591 2594 2639 et
2625 2584 2849 2639 bellum
2875 2585 3047 2655 juxta
3087 2585 3350 2641 Bleihfelt
3399 2603 3561 2641 com-

1895 2672 2097 2727 mittur
2127 2677 2156 2727 3
2193 2671 2270 2726 1d.
2306 2677 2455 2740 Aug.
2489 2673 2588 2728 Set
2620 2688 2757 2741 rege
2783 2675 3018 2742 fugato,
3046 2675 3317 2730 Saxones
3353 2676 3557 2731 urbem

1894 2766 2197 2830 ceperunt.
2231 2760 2632 2815 Herimannus
2655 2777 2874 2816 nomen
2918 2762 3150 2832 regium
3195 2763 3460 2836 deponit,
3503 2768 3560 2820 et

1890 2849 2018 2921 ipse
2051 2866 2190 2905 mox
2211 2849 2380 2922 perit.
2418 2850 2794 2906 Wirceburch
2822 2867 2858 2908 a
2890 2851 3225 2908 Saxonibus
3254 2858 3430 2925 capta
3444 2859 3553 2924 est,

1893 2943 1949 2994 et
1976 2955 2118 2994 mox
2148 2939 2226 2994 ab
2256 2938 2612 3011 imperatore
2646 2941 2957 3013 acquisita.

1966 3045 2120 3100 1087.
2144 3044 2268 3100 ind.
2297 3052 2348 3101 9.
2379 3047 2589 3101 Bertba
2619 3046 2962 3118 imperatrix
3002 3047 3168 3104 obiit.
3215 3049 3553 3105 Pestilentia

1811 3149 1850 3204 (ς
1890 3132 2048 3189 facta
2077 3136 2166 3188 est
2205 3175 2218 3188 .
2266 3175 2277 3188 .
2325 3175 2336 3188 .
2384 3176 2396 3189 .
2439 3135 2610 3205 (384).

1960 3241 2114 3296 1088.
2147 3240 2269 3296 ind.
2324 3241 2406 3297 10.
2457 3242 2627 3298 Wezil
2677 3244 3179 3312 Mogonciacensis
3231 3245 3551 3318 archiepis-

1883 3346 2074 3402 copus
2139 3330 2303 3386 obiit.
2376 3333 2565 3386 Bucco
2628 3332 3159 3389 Harberstadensis
3225 3333 3546 3407 cpiscopus

1883 3417 2162 3473 Gozlariaa
2193 3417 2498 3474 occiditur.

1959 3523 2112 3577 1089.
2146 3522 2269 3578 ind.
2311 3523 2394 3578 ll.
2425 3524 2786 3593 Eggibertus
2809 3524 3077 3580 marchio
3097 3526 3545 3584 Hildenesheim

1882 3611 2126 3678 obsedit,
2159 3611 2262 3665 ubi
2303 3611 2562 3666 Udonem
2589 3612 2924 3680 episcopqu
2967 3613 3071 3667 diu
3125 3613 3416 3670 obsessum
3462 3631 3547 3671 ce-

1879 3700 1968 3769 pit
1999 3698 2166 3771 (385).
2204 3699 2426 3754 Bellum
2452 3699 2622 3769 juxta
2655 3699 2858 3755 Glicho
2877 3699 3186 3756 castellum
3214 3701 3273 3756 in
3301 3702 3545 3758 Thurin-

1882 3788 1978 3857 gia
2002 3788 2176 3858 juxta
2207 3787 2503 3859 Erpesfort
2535 3787 2734 3854 situm,
2756 3787 2908 3843 inter
2929 3788 3352 3861 imperatorem
3377 3791 3547 3846 Hein-

1880 3893 2071 3932 ricum
2111 3880 2167 3932 et
2196 3876 2573 3946 Ecgibertum
2622 3876 3037 3932 marchionem
3078 3877 3138 3932 in
3197 3879 3390 3948 vigilia
3440 3883 3547 3936 Do—

1881 3966 2048 4038 mini,
2080 3965 2176 4021 die
2210 3965 2538 4032 Dominica,
2570 3966 2630 4021 in
2657 3983 2780 4038 quo
2836 3967 3212 4023 Burchardus
3255 3971 3546 4026 Losannae

1881 4055 2200 4128 episcopus
2217 4055 2450 4111 occisus
2472 4060 2577 4111 est.
2594 4055 2882 4112 Obierunt
2895 4055 3182 4129 episcopi,
3211 4057 3544 4128 Sigewinus

1882 4145 2272 4212 Coloniensis,
2331 4145 2506 4201 Ottho
2562 4145 3047 4218 Badisponensis.
3097 4148 3550 4204 Constituuntur

1881 4234 2167 4308 episcopi,
2200 4234 2599 4290 Herimannus
2622 4234 3009 4303 Coloniensis,
3036 4236 3417 4292 Routhardus
3439 4240 3550 4293 Mo-

1882 4323 2306 4393 gontiacensis,
2358 4323 2730 4380 Emehardus
2777 4324 3301 4394 Wirceburgensis,
3351 4329 3382 4380 8
3412 4325 3545 4381 Kal.

1880 4411 2149 4481 Augusti.

1962 4518 2115 4573 1090.
2151 4516 2275 4572 ind.
2305 4516 2387 4571 l2.
2425 4520 2749 4588 Imperator
2775 4516 3005 4573 Italiam
3036 4517 3216 4589 petiit.
3238 4517 3549 4573 Heriman-

1884 4621 2000 4661 nus
2023 4604 2312 4661 Mettensis
2345 4605 2684 4676 episcopus,
2720 4604 3024 4660 Liudolfus
3059 4605 3203 4671 dux,
3238 4610 3295 4660 et
3338 4606 3551 4662 Bertol~

1887 4694 1982 4750 fus
2011 4693 2155 4760 dux,
2187 4693 2343 4748 ﬁlius
2362 4692 2655 4760 Boudolﬁ,
2691 4693 2986 4749 obierunt.
3017 4693 3366 4763 Eggibertus
3396 4709 3553 4748 mar-

1888 4783 2044 4854 chyo
2085 4781 2316 4837 occisus
2346 4786 2451 4837 est.
2490 4785 2755 4837 Domnus
2814 4781 3150 4847 Athelbero,
3201 4781 3552 4837 vicessimus

1887 4876 2025 4945 post
2050 4871 2294 4928 beatum
2341 4872 2750 4927 Burchardum
2789 4876 3185 4928 sacrosanctae
3229 4870 3556 4926 Wircebur-

1889 4962 2090 5033 gensis
2121 4961 2399 5018 aecclesiae
2434 4961 2753 5034 episcopus
2782 4966 2811 5017 3
2843 4961 2975 5017 Kal.
3008 4960 3148 5016 Julii
3175 4960 3552 5028 constitutus,

1887 5050 2036 5106 vixit
2061 5049 2124 5105 in
2170 5051 2520 5124 episcopatu
2569 5066 2763 5112 annos
2810 5053 2900 5118 45,
2942 5065 3180 5106 menses
3224 5053 3277 5122 3,
3319 5049 3448 5106 dies
3477 5056 3551 5117 7;

1890 5139 2038 5196 obiit
2060 5144 2094 5195 2
2123 5143 2320 5197 Nonas
2351 5139 2638 5196 Octobris.

1895 5390 2036 5442 sunt
2079 5429 2092 5441 .
2134 5389 2346 5464 Σ...1118
2389 5429 2400 5440 .
2447 5427 2458 5439 .
2505 5426 2517 5438 .
2561 5400 2600 5439 11
2632 5383 2750 5464 legi
2775 5384 3560 5464 videntumﬁestituendum

1897 5471 2100 5529 censeo
2132 5457 2440 5529 Heinricus
2479 5455 2751 5511 marchio
2781 5455 2930 5529 obiit
2970 5471 3046 5529 ea:
3076 5455 3562 5529 Chronographo

1897 5528 2158 5609 Sucrone,
2189 5533 2295 5583 aut
2320 5527 2622 5582 Adventus
2649 5526 2839 5582 sancti
2869 5526 3096 5609 Nicolai
3123 5526 3423 5585 Barim'ex
3442 5526 3566 5583 Λη-

1899 5600 2234 5741 ηῆξὲἓῗῖια
2251 5671 2568 5726 restitutae
2588 5684 2699 5740 ope
2714 5669 3054 5728 Annalistz
3073 5671 3310 5728 Saxoni
3322 5683 3343 5741 ;
3386 5673 3448 5725 in
3477 5685 3567 5726 co.

3050 5765 3114 5817 19
