3874 6380
53 275 154 327 589

765 273 848 325 ET
887 271 1227 326 LAMBERTI
1265 265 1839 325 ASCHAFNABURG.
1880 264 2063 320 PARS
2099 265 2374 320 ALTERA
2413 266 2742 322 GENUINA.

3353 272 3458 327 590

995 396 1314 450 ANNALES
1354 390 2003 449 HlLDESHElMENSES
2042 393 2107 443 Α.
2156 392 2523 444 1104-1105.

49 488 263 555 nirent,
297 488 441 543 nihil
468 489 542 544 de
571 504 634 544 re
661 489 904 562 publica
934 492 1214 561 agebant,
1270 498 1480 564 praeter
1538 490 1701 563 quod
1741 495 1784 546 A
1816 486 2112 553 aecclesiae,
2145 502 2280 558 quin
2335 503 2441 558 per
2490 485 2916 555 negligentiam
2973 486 3158 558 patris
3214 486 3307 543 sui
3363 487 3467 544 de-

50 595 163 634 sua
190 579 266 633 ibi
293 585 784 636 consummarent
811 599 824 648 ;
857 587 1170 653 propterea
1203 599 1404 636 secum
1436 581 1573 636 ficta
1593 579 1707 634 ﬁde

48 668 463 734 versabantur,
495 673 550 724 et
572 669 860 724 adversus
891 686 1028 725 eum
1082 671 1527 743 conspirabaut.
1589 671 1704 726 Sic-

47 773 170 829 que
200 773 409 812 omnes
435 758 603 827 regni
624 759 922 831 principes
954 760 1309 831 decipiebat,
1341 764 1406 814 ut
1435 759 1581 814 nihil
1624 775 1709 812 re-

47 863 185 902 rum
218 846 473 902 veritatis
506 848 563 902 in
595 864 658 902 re
688 849 930 920 publica
960 853 1179 917 ageret,
1210 849 1318 903 nisi
1378 849 1541 920 quod
1587 848 1708 902 suis

49 936 422 1007 temporibus
455 941 668 992 cuncta
697 938 1062 992 vilescerent.
1096 938 1285 993 Mllltt'B
1315 938 1496 992 urbes
1521 942 1576 992 et
1605 953 1709 1009 op-

48 1026 196 1097 pida
225 1027 352 1095 ejus
380 1026 538 1081 bello
578 1031 715 1081 sunt
745 1028 1057 1082 destructas
1089 1033 1144 1082 ct
1173 1027 1578 1082 zecclesiarum
1610 1026 1711 1081 Dei

51 1119 180 1170 erat
206 1119 426 1187 raptor,
459 1116 678 1172 scilicet
708 1132 889 1172 causa
917 1117 1336 1172 reconciliandi
1385 1117 1704 1188 principes,

49 1205 288 1258 illarum
322 1205 547 1275 praedia
576 1206 1007 1261 distribuendo.
1041 1206 1193 1271 Quid
1237 1206 1481 1260 multa-‘2
1528 1221 1708 1259 nemo

52 1307 346 1362 umquam
373 1293 512 1347 talia
565 1292 626 1347 in
681 1294 942 1365 antiquis
993 1293 1399 1348 voluminibus
1451 1293 1710 1364 repperit

53 1381 296 1452 scripta,
325 1381 530 1452 qualia
563 1382 830 1437 inaudita
857 1387 1229 1454 pcrpetrarat
1286 1382 1549 1438 facinora
1584 1401 1596 1448 ;
1655 1385 1710 1437 et

51 1469 167 1524 nisi
197 1469 346 1524 mira
376 1469 472 1524 Dei
503 1471 819 1526 clementia
841 1487 979 1525 eum
1013 1472 1301 1536 sutl'erret,
1335 1476 1390 1526 et
1420 1471 1497 1525 ad
1526 1470 1714 1542 pteni-

55 1560 295 1615 tentiam
316 1559 663 1630 distulisset,
685 1566 838 1617 terra
865 1578 1002 1616 eum
1029 1562 1247 1628 vivum,
1275 1563 1423 1617 sicut
1455 1563 1708 1629 Dathan,

55 1648 484 1704 absorbuisset.

1819 575 2055 630 turbata
2108 581 2194 631 est
2245 575 2434 630 multo
2488 579 2773 646 tempore.
2834 578 2963 632 Mox
3013 579 3079 630 ut
3129 575 3470 648 apostolicae

1817 659 2253 715 consolacionis
2329 659 2514 715 verba
2595 659 2858 731 percepit
2929 663 2987 715 et
3052 659 3240 716 banni
3320 659 3472 716 sola-

1817 748 2040 804 tionem
2067 749 2214 819 (397)
2245 765 2280 803 a
2310 749 2594 821 praedicto
2617 749 2918 820 episcopo,
2947 747 3276 815 castellum,
3305 749 3473 820 quod

1815 843 2063 893 vocatur
2093 838 2489 906 Nuorenbere,
2523 837 2757 892 obsedit
2787 843 2841 893 et
2872 854 2995 892 sua:
3034 837 3243 893 ditioni
3301 837 3474 893 sube-

1817 927 1916 995 git.
1978 931 2048 983 At
2078 932 2265 999 pater,
2294 944 2471 983 mane
2529 932 2836 999 comperto
2889 943 2950 982 se
2994 927 3296 999 privatum
3324 926 3468 994 tilio,

1819 1017 2002 1074 nimio
2074 1017 2278 1074 dolore
2340 1017 2782 1086 constringitur,
2837 1022 2893 1073 et
2945 1017 3251 1088 Mogontiae
3309 1021 3474 1073 nata-

1816 1107 1934 1161 lem
1965 1107 2198 1162 Domini
2227 1107 2632 1162 celebraturus
2658 1107 2983 1163 revertitur.
3019 1107 3173 1164 Obiit
3218 1109 3476 1164 Joannes

1820 1194 2112 1266 Spirensis
2139 1195 2474 1266 episcopus.

1892 1288 2025 1338 1105
2056 1285 2184 1340 Rea:
2210 1284 2358 1353 (398)
2388 1284 2758 1339 Halverstad
2782 1285 2962 1354 venit,
3023 1290 3076 1340 et
3133 1286 3471 1353 canonicos,

1817 1388 1960 1443 quos
1986 1373 2332 1428 Fridericus
2365 1375 2666 1442 episcopus
2698 1374 2918 1442 injuste
2947 1375 3289 1443 expulerat,
3333 1375 3475 1430 locis

1818 1467 1872 1517 et
1905 1463 2076 1516 rebus
2107 1463 2226 1516 suis
2253 1463 2562 1531 restituit;
2612 1463 2906 1532 ceterique
2947 1477 3221 1518 canonici
3279 1463 3474 1518 banno

1817 1551 2156 1612 solvuntur,
2192 1565 2254 1604 eo
2287 1551 2446 1620 quod
2477 1551 2630 1618 regis
2660 1550 2934 1605 Heinrici
2983 1550 3480 1606 anathematizati

1819 1638 2088 1705 episcopo
2153 1643 2592 1692 consenserant.
2666 1637 2810 1692 Inde
2884 1651 2994 1692 rea:
3055 1637 3206 1692 adiit
3272 1638 3477 1692 Hilde-

1818 1727 2099 1781 nesheim.
2135 1727 2401 1796 Cumque
2431 1727 2566 1781 urbi
2587 1726 3123 1796 appropinquaret,
3183 1727 3308 1782 Udo
3362 1727 3478 1796 epi-

135 1811 285 1901 1104ἴ
475 1811 507 1862 9
537 1808 703 1901 (390).
736 1812 872 1901 Erat
908 1809 1000 1901 in_
1031 1809 1396 1901 Badisbona
1424 1809 1498 1901 in
1529 1809 1713 1901 natali
1751 1848 1790 1901 Β
1822 1830 2031 1884 scopus
2063 1831 2193 1870 cum.
2221 1817 2430 1883 paucis
2463 1815 2628 1870 abiit.
2660 1816 2954 1871 Canonici
2989 1815 3184 1870 hanno
3240 1817 3478 1871 solvun-

55 1897 290 1953 Domini
318 1897 691 1970 imperatoris
726 1899 909 1964 curia,
945 1899 1046 1953 ubi
1092 1915 1293 1954 comes
1348 1899 1712 1966 Sigehardus

53 1986 364 2059 quoddam
375 1987 669 2057 judicium
686 2005 867 2060 super
888 1988 1128 2042 clientes
1151 1987 1365 2058 injuste
1379 1988 1672 2058 judicavit
1696 2007 1708 2055 ;

55 2092 127 2130 ex
154 2091 276 2147 qua
304 2092 492 2132 causa
523 2076 602 2132 ab
631 2076 714 2131 eis
740 2082 826 2131 est
847 2077 1101 2131 occisus.
1138 2076 1299 2132 Unde
1319 2081 1448 2131 orta
1479 2081 1565 2131 est
1589 2092 1714 2131 ma-

53 2166 220 2220 xima
247 2166 581 2237 persecutio
612 2166 953 2238 imperatori
987 2182 1022 2221 a
1052 2167 1318 2235 cognatis
1362 2166 1520 2220 illius
1569 2171 1625 2221 et
1674 2182 1709 2221 a

57 2257 283 2312 cunctis
311 2255 682 2327 principibus
711 2256 878 2325 regni
911 2275 924 2323 ;
957 2257 1098 2328 quia
1139 2257 1189 2311 si
1244 2256 1418 2310 vellet
1466 2256 1519 2312 ei
1579 2255 1715 2310 sub-

54 2344 277 2410 venire,
308 2361 696 2417 nequaquam
726 2350 884 2400 esset
909 2346 1267 2401 interfectus.
1299 2348 1445 2401 Cum
1467 2361 1607 2400 vero
1636 2343 1715 2399 ob

55 2434 119 2489 id
148 2433 369 2489 factum
397 2450 520 2489 non
545 2451 772 2506 paucos
804 2434 1028 2489 habere
1060 2434 1711 2500 sentiretadversarios,

55 2522 526 2593 circumquaque
556 2523 634 2577 ab
661 2522 894 2577 insidiis
925 2539 1138 2578 eorum
1166 2523 1446 2591 vallatus,
1507 2527 1715 2592 aptum

55 2609 350 2666 evadendi
372 2611 550 2682 capit
600 2611 898 2682 inquirere
931 2611 1151 2666 locum.
1185 2611 1450 2666 Tandem
1486 2611 1713 2664 disces-

55 2698 152 2768 sit,
183 2703 238 2752 et
267 2703 330 2753 ut
355 2703 628 2754 sanctum
661 2700 890 2771 pascha
923 2699 1250 2754 celebraret
1272 2715 1409 2752 cum
1439 2697 1558 2752 suis
1598 2700 1714 2753 Mo-

55 2787 380 2857 gontiacun
430 2787 608 2842 venit.
674 2791 888 2844 Sancto
944 2787 1120 2855 igitur
1177 2787 1407 2857 pascha
1450 2785 1596 2840 inibi
1624 2802 1716 2841 so-

53 2877 372 2948 lempniter
436 2880 698 2948 peracto.
763 2877 1047 2932 Leodium
1105 2876 1283 2931 venit.
1341 2877 1468 2939 Quo
1514 2875 1716 2930 venire

54 2964 394 3020 debuerunt
450 2980 653 3020 comes
713 2965 1105 3020 Herimannus
1136 2969 1192 3019 et
1216 2963 1719 3033 Magedeburgen-

55 3055 139 3108 sis
165 3053 422 3109 ecclesiae
455 3053 811 3126 praepositus
856 3053 1156 3109 vacabulo
1221 3052 1571 3122 Hartwigus,
1625 3069 1720 3108 co-

54 3142 214 3199 mitis
239 3142 571 3211 Eggelberti
620 3143 798 3207 ﬁlius,
859 3143 1178 3214 episcopus
1228 3142 1310 3197 ibi
1358 3142 1717 3197 constituen-

55 3231 192 3286 dus.
250 3233 517 3302 Cumque
577 3230 756 3286 simul
809 3231 869 3286 in
926 3232 1018 3287 via
1074 3236 1276 3286 essent
1321 3230 1544 3296 directi,
1604 3230 1715 3301 ipsi

56 3333 289 3389 suaque
340 3319 546 3374 omnia
599 3335 635 3374 a
689 3319 1012 3374 Teodorico
1072 3319 1288 3374 comite
1339 3319 1412 3374 de
1457 3319 1714 3375 Saxonia

55 3411 200 3462 sunt
220 3405 552 3477 captivitate
583 3405 823 3470 detenti,
866 3412 921 3461 et
967 3422 1042 3461 ne
1097 3406 1176 3461 ad
1230 3407 1459 3462 curiam
1513 3422 1718 3478 perve-

54 3495 253 3552 nirent
282 3494 570 3566 impediti.
605 3493 766 3550 Talia
796 3500 995 3550 autem
1027 3495 1105 3549 ab
1136 3494 1496 3567 imperatore
1553 3512 1718 3551 com-

54 3589 246 3657 perta,
276 3582 456 3638 nimis
480 3582 846 3653 indignatus,
894 3583 1050 3637 circa
1106 3583 1325 3639 festum
1375 3585 1562 3639 sancti
1610 3588 1720 3638 An-

54 3673 213 3727 dreae
237 3675 600 3741 congregato
631 3671 890 3726 exercitu
933 3675 990 3725 et
1042 3670 1164 3724 ﬁlio
1220 3687 1327 3726 suo
1378 3671 1717 3737 comitante,

52 3761 219 3819 venit
243 3776 435 3832 usque
468 3759 777 3816 Fridislare
804 3778 817 3828 ;
850 3775 995 3815 nam
1022 3758 1242 3814 abinde
1268 3759 1475 3815 debuit
1513 3759 1573 3814 in
1622 3761 1720 3814 Sa-

50 3849 302 3907 xoniam
327 3863 594 3920 pergere.
631 3848 716 3903 lbi
745 3853 917 3903 nocte
941 3846 1206 3918 quadam
1237 3846 1393 3902 ﬁlius
1420 3847 1720 3918 quosdam

51 3940 131 3994 de
154 3937 338 4010 patris
367 3937 460 3992 sui
491 3936 904 4005 familiaribus,
934 3935 1366 3992 Herimannum
1400 3935 1620 3990 scilicet
1666 3938 1722 3990 et

51 4027 208 4084 alios
263 4041 602 4094 assumens,
656 4025 822 4097 quod
871 4029 957 4081 est
1007 4029 1040 4080 '2
1097 4025 1176 4080 Id.
1228 4024 1534 4080 Decembr.
1565 4024 1720 4079 clam

50 4115 366 4181 abscessit,
391 4119 448 4170 et
487 4115 822 4185 Bajoariam
879 4114 963 4169 ire
1021 4113 1343 4170 contendit.
1403 4116 1720 4185 Comperto

49 4205 236 4276 igitur
265 4203 516 4258 discidio
548 4203 650 4258 lilii
679 4219 715 4260 a
744 4206 910 4274 patre
942 4202 1317 4273 aThiepaldo
1343 4203 1712 4270 marchione,

50 4307 246 4364 supra
273 4291 570 4347 nominati
626 4291 859 4347 comitis
919 4291 1227 4362 Sigehardi
1277 4296 1512 4363 nepote,
1567 4307 1722 4360 gau-

48 4383 209 4439 dens
259 4397 398 4436 cum
445 4380 672 4436 cunctis
701 4380 959 4449 regionis
1000 4380 1156 4435 illius
1208 4380 1564 4451 primatibus
1621 4380 1724 4435 ob-

48 4471 222 4528 viam
274 4470 457 4541 venit,
514 4474 571 4525 et
629 4469 954 4526 honoriﬁce
1029 4470 1314 4541 suscepit,
1397 4470 1722 4541 optimum-

1824 1910 1970 1969 tur;
2022 1905 2289 1958 ordinati
2316 1905 2465 1959 sicut
2497 1909 2551 1960 et
2597 1905 2912 1958 ordinator
2967 1904 3043 1958 ab
3096 1904 3293 1972 ofﬁcio
3349 1919 3477 1959 sus-

1819 1994 2186 2061 penduntur.
2216 1995 2358 2048 Post
2389 2009 2526 2048 vero
2552 1995 2856 2063 episcopus
2883 1994 3309 2048 canonicorum
3339 2009 3477 2049 con-

1821 2083 1954 2136 sitio
1983 2087 2292 2137 revocatus
2339 2082 2537 2148 rediit,
2570 2088 2625 2137 et
2684 2082 2879 2137 banno
2937 2083 3165 2136 solutus
3216 2083 3479 2151 gratiam

1823 2173 1977 2240 regis
2041 2172 2317 2240 optinuit.
2379 2172 2466 2226 Eo
2510 2213 2521 2225 .
2569 2215 2580 2226 .
2628 2215 2639 2226 .
2686 2212 2697 2224 .
2744 2213 2755 2224 .
2816 2171 3189 2238 Northuson,
3261 2173 3482 2240 juvene

1823 2275 1961 2330 rege
1974 2261 2357 2329 prwsidente,
2384 2260 2728 2316 Rothardus
2776 2259 3159 2330 Mogontmus
3191 2259 3483 2329 archiepi-

1822 2364 2054 2419 scopus,
2113 2355 2166 2404 et
2218 2348 2592 2404 Givehardus
2654 2349 3125 2404 Constantz‘ensis
3180 2349 3483 2417 episcopus

1823 2454 1849 2492 s
1894 2479 1906 2491 .
1957 2479 1969 2491 .
2015 2479 2028 2491 .
2074 2479 2086 2491 .
2134 2479 2146 2492 .
2193 2478 2205 2491 .
2251 2479 2262 2492 .
2311 2480 2323 2492 .
2365 2439 2570 2492 multis
2598 2438 2880 2506 capitulis
2936 2437 3218 2503 recitatis,
3287 2452 3482 2506 symo-

1821 2527 2024 2581 niacos
2053 2540 2091 2580 α
2120 2531 2329 2580 sancta
2357 2527 2624 2580 (ecclesia
2651 2525 3048 2581 etiminandos
3080 2540 3198 2581 esse
3247 2541 3483 2582 censue-

1823 2614 1987 2662 runt.
2018 2610 2325 2677 Jejunium
2366 2614 2627 2678 quatuor
2679 2614 3007 2676 temporum
3052 2651 3064 2664 .
3111 2651 3123 2664 .
3169 2649 3180 2661 .
3228 2650 3239 2662 .
3287 2650 3298 2663 .
3347 2651 3359 2663 .
3407 2651 3418 2664 .
3465 2651 3477 2664 .

1827 2739 1839 2752 .
1886 2738 1898 2750 .
1945 2737 1956 2751 .
2003 2739 2014 2750 .
2061 2738 2074 2750 .
2122 2739 2134 2752 .
2181 2739 2192 2750 .
2237 2737 2250 2751 .
2297 2739 2308 2751 .
2356 2738 2366 2750 .
2415 2738 2427 2750 .
2473 2738 2484 2750 .
2533 2738 2544 2750 .
2592 2737 2604 2750 .
2658 2695 2864 2752 Statim
2903 2700 3039 2766 post
3091 2695 3481 2767 epiphaniam

1822 2785 2051 2853 legatos
2081 2784 2294 2839 direxit
2316 2785 2458 2855 (399)
2497 2785 2844 2849 Bawariam,
2879 2783 3291 2838 Coloniensem
3322 2784 3482 2839 vide-

1822 2873 1957 2928 licet
1985 2877 2038 2928 et
2061 2875 2480 2928 Treverensem
2511 2871 3014 2944 archiepiscopos,
3042 2875 3099 2927 et
3126 2871 3342 2927 ducem
3371 2872 3482 2928 Fri-

1824 2963 2113 3035 dericum,
2147 2967 2201 3018 et
2230 2963 2511 3019 Erlolfum
2542 2962 2986 3029 cancellarium,
3020 2961 3070 3017 si
3119 2978 3241 3035 quo
3295 2961 3479 3018 modo

1823 3058 2071 3125 possent
2096 3053 2477 3109 reconciliare
2509 3069 2667 3108 eum.
2706 3052 2877 3108 Filius
2907 3067 3049 3108 vero
3086 3051 3478 3124 respondens,

1825 3141 2061 3213 fatetur,
2095 3143 2258 3198 nulla
2280 3143 2508 3198 ratione
2537 3142 2588 3197 ei
2619 3141 3066 3197 communicare
3119 3156 3317 3213 posse,
3367 3137 3482 3196 nisi

1823 3232 1989 3303 prius
2033 3237 2388 3304 purgaretur
2436 3230 3072 3286 excommunicationis
3126 3245 3306 3297 noxa,
3361 3243 3486 3302 qua

1824 3320 1928 3374 diu
1953 3321 2265 3375 tenebatur
2315 3321 2471 3375 sedis
2519 3320 2863 3392 θροεῐοΙὶοω
2917 3334 3187 3374 censura.
3242 3316 3481 3372 Nunciis

1824 3425 1964 3463 vero
1995 3409 2266 3477 reversis,
2293 3410 2399 3464 iter
2427 3425 2603 3463 suum
2633 3408 2822 3463 multa
2868 3407 3187 3462 comitante
3246 3411 3484 3461 caterva

1825 3497 2038 3553 direxit
2057 3497 2420 3566 Turingiam,
2456 3497 2532 3550 ad
2567 3496 2768 3551 locum
2814 3495 2917 3567 qui
2958 3495 3172 3550 dicitur
3227 3495 3480 3565 Erphes—

1827 3585 1962 3654 furt,
1993 3584 2098 3638 ubi
2137 3584 2414 3639 decenter
2469 3599 2504 3638 a
2564 3583 2870 3638 Ruthardo
2920 3581 3271 3650 Mogontinaa
3325 3581 3481 3636 sedis

1828 3672 2276 3744 archiepiSCOpo
2301 3671 2640 3744 suscipitur,
2672 3676 2729 3726 et
2782 3670 3005 3726 ibidem
3035 3669 3196 3724 diem
3250 3667 3482 3740 palma-

1825 3778 1981 3828 rum,
2038 3766 2092 3815 et
2150 3765 2424 3816 sanctum
2477 3759 2706 3831 pascha
2755 3759 2816 3814 in
2850 3756 3288 3824 Quidelenburc
3315 3755 3481 3811 caele-

1827 3850 2038 3906 bravit.
2076 3852 2154 3904 Eo
2188 3848 2486 3921 siquidem
2541 3852 2806 3920 tempore
2860 3845 3098 3904 advenit
3142 3845 3485 3919 patriarcha

1827 3939 1902 3995 de
1931 3938 2218 4010 Aquileia,
2251 3954 2352 3994 eos
2382 3938 2430 3992 si
2460 3937 2587 3992 ﬁeri
2634 3941 2839 4010 posset
2892 3934 3310 4009 complacandi
3356 3949 3486 4005 gra-

1829 4028 1929 4099 tia,
1956 4027 2182 4094 dicens,
2211 4043 2334 4082 non
2366 4026 2586 4082 audere
2618 4026 2731 4082 sibi
2763 4023 3233 4094 communicare,
3282 4023 3400 4079 nisi
3425 4037 3486 4078 se

1828 4118 2002 4174 vellet
2032 4121 2149 4174 Deo
2175 4134 2344 4173 reum
2376 4132 2823 4186 recognoscere,
2851 4121 2908 4172 et
2931 4114 3095 4171 omni
3140 4129 3326 4185 regno
3383 4113 3490 4168 liu-

1829 4207 2078 4276 miliare,
2114 4207 2364 4278 insuper
2389 4210 2445 4261 et
2467 4209 2751 4261 Romanas
2781 4203 2904 4260 sedi
2932 4203 2994 4258 in
3023 4201 3307 4258 omnibus
3350 4199 3489 4254 obe-

1829 4295 1974 4351 dire.
2003 4295 2271 4350 Timebat
2300 4293 2480 4363 enim,
2505 4310 2579 4349 ne
2611 4297 2668 4349 et
2691 4293 2895 4364 ipsum
2933 4291 3061 4361 ejus
3117 4288 3325 4345 astutis
3374 4301 3492 4343 ser-

1831 4383 2112 4439 monibus
2136 4382 2452 4453 deciperet,
2488 4381 2658 4436 sicuti
2690 4385 2916 4435 ceteros
2947 4382 3124 4434 antea
3170 4391 3326 4447 saepe
3385 4373 3488 4428 de-

1830 4473 1990 4527 lucit.
2026 4471 2185 4526 Idem
2218 4470 2560 4542 patriarcha
2585 4475 2857 4524 sanctum
2905 4467 3132 4539 pascha
3185 4461 3490 4533 Mogontiae

47 4575 177 4633 que
203 4558 377 4614 duxit
424 4563 490 4614 ut
526 4558 790 4614 natalem
859 4559 1094 4614 Domini
1169 4558 1505 4630 Radispone
1563 4557 1715 4614 cele-
1755 4544 1798 4597 Ῑ)
1838 4559 2178 4628 celebravit,
2211 4563 2268 4613 et
2292 4561 2427 4629 post
2454 4557 2699 4628 pascha,
2733 4554 3086 4610 muneribus
3119 4552 3198 4608 ab
3243 4567 3313 4607 eo
3369 4566 3492 4606 sus-

47 4653 322 4707 brarent.
381 4652 517 4704 Post
541 4648 801 4704 natalem
844 4664 988 4703 vero
1043 4649 1280 4704 Domini
1309 4649 1560 4705 nuncios
1615 4651 1721 4703 Ro-

47 4754 227 4797 mam
267 4737 499 4804 direxit,
559 4753 816 4809 querens
875 4737 1190 4792 consilium
1255 4738 1332 4794 ab
1392 4736 1719 4809 apostolico

47 4831 303 4902 propter
316 4827 758 4897 ‘juramentum,
791 4825 957 4897 quod
987 4825 1142 4897 patri
1165 4827 1489 4896 juraverat,
1541 4841 1718 4881 num-

47 4932 250 4989 quam
311 4932 372 4971 se
425 4931 679 4985 regnum
728 4914 854 4970 sine
897 4915 1026 4984 ejus
1084 4915 1321 4972 licentia
1340 4920 1395 4972 et
1423 4931 1723 4970 consensu

48 5009 436 5063 invasurum.
495 5003 871 5076 Apostolicus
921 5008 1124 5060 autem
1179 5010 1246 5060 ut
1293 5003 1518 5060 audivit
1571 5004 1722 5059 inter

52 5099 297 5170 patrem
328 5099 385 5151 et
412 5094 602 5148 ﬁlium
634 5093 973 5160 discidium,
1036 5109 1284 5164 sperans
1328 5094 1456 5148 haec
1514 5109 1550 5148 a
1603 5095 1721 5147 Deo

52 5184 347 5250 evenisse,
376 5182 690 5240 mandavit
719 5183 771 5238 ei
801 5181 1195 5254 apostolicam
1237 5181 1720 5237 benedictionem

51 5290 167 5349 per
200 5271 620 5330 Gebehardum
680 5271 1193 5329 Constantiensem
1220 5271 1592 5342 episcopum,
1646 5271 1721 5326 de

52 5361 162 5419 tali
215 5358 540 5415 commisso
586 5358 700 5412 sibi
747 5357 1097 5428 promittens
1154 5357 1600 5414 absolutionem
1660 5357 1722 5414 in

49 5447 289 5524 judicio
320 5447 536 5508 futuro,
559 5445 609 5500 si
638 5445 812 5500 vellet
835 5447 1030 5515 justus
1053 5462 1177 5516 rex,
1207 5448 1569 5516 gubernator
1591 5464 1722 5504 esse

155 5555 281 5624 396)
314 5555 385 5606 In
414 5552 686 5625 margine
714 5553 921 5621 aliqua
951 5553 1095 5608 olim
1125 5555 1492 5625 tegebantur.

155 5558 281 5624 396)
314 5558 385 5606 In
414 5558 650 5619 margin

157 5629 262 5680 397
319 5625 415 5677 Ita
446 5622 651 5676 codex.

131 5558 287 5768 E398;
328 5695 451 5749 Vox
479 5692 651 5749 hodie

155 5692 282 5765 398)
328 5695 451 5749 Vox
479 5692 652 5749 hodie
681 5693 847 5750 haud
880 5696 1117 5765 tegitur.

1830 4649 2032 4721 ceptis,
2068 4647 2148 4703 ad
2176 4646 2423 4718 propria
2453 4645 2757 4700 remeavit.
2793 4647 2926 4699 Post
2955 4642 3184 4714 pascha
3229 4655 3368 4695 vero
3420 4638 3491 4694 ﬁ-

1826 4738 1938 4793 lius
1968 4735 2208 4792 Goslare
2236 4733 2416 4801 venit,
2441 4738 2497 4788 et
2522 4733 2602 4787 ibi
2635 4731 2911 4802 generale
2945 4728 3314 4801 colloquium
3351 4742 3492 4782 cum

1829 4825 2097 4885 Saxoniae
2123 4823 2494 4897 principibus
2524 4821 2756 4890 habuit,
2786 4818 3040 4893 qualiter
3067 4817 3168 4873 Dei
3191 4815 3491 4887 adjutorio

1827 4921 1884 4972 et
1912 4931 2120 4971 eorum
2143 4913 2416 4970 omnium
2438 4911 2685 4968 consilio
2713 4926 2825 4966 sua
2849 4909 3096 4964 deberet
3116 4905 3415 4971 ordinare,
3438 4907 3495 4960 et

1828 5004 2159 5060 eecclesiam
2189 5001 2385 5058 modis
2415 5000 2700 5057 omnibus
2733 4997 3017 5053 violatam
3057 5009 3316 5068 purgare
3343 4997 3401 5049 et
3455 5007 3493 5048 a

1829 5091 2116 5149 scissione
2137 5092 2213 5147 ad
2241 5089 2524 5145 unionem
2548 5087 2969 5155 redintegrare.
2996 5083 3173 5140 Affuit
3196 5081 3377 5138 etiam
3401 5097 3498 5137 su-

1828 5180 2132 5254 pradictus
2164 5177 2632 5236 Constantiensis
2663 5175 3011 5246 episcopus,
3054 5171 3261 5228 domni
3319 5187 3495 5245 papae

1830 5272 2180 5340 cooperator
2207 5266 2612 5330 fidelissimus,
2638 5263 2743 5335 qui
2773 5277 2977 5330 regem
3007 5266 3064 5316 et
3088 5275 3301 5316 omnes
3352 5274 3497 5315 suos

1830 5359 1907 5414 ab
1920 5353 2555 5414 excommunicationis
2569 5351 2806 5408 vinculo
2824 5350 3100 5418 solverat,
3121 5354 3176 5405 et
3187 5349 3497 5422 quendam

1829 5446 2148 5520 praesulem
2179 5436 2421 5500 nomine
2471 5441 2835 5497 Widelonem
2862 5440 3032 5512 (400),
3079 5439 3186 5512 qui
3222 5437 3496 5496 omnium

1904 5555 2044 5624 (399)
2081 5553 2320 5624 Scilicet
2348 5549 2694 5624 imperator.

1899 5619 2046 5695 (400)
2074 5619 2456 5679 Μὶῑιόθηεθωῖ
2486 5621 2716 5677 Annal.
2739 5619 2928 5676 Saxo.
