3968 6434
480 315 575 367 591

1408 308 1663 362 ANNAL.
1706 301 2153 361 lIlLDESHEIM.

2196 300 2572 365 QUEDLIND.
2616 307 2995 366 WEISSEMB.
3809 318 3899 372 592

1519 431 1845 486 ANNALES
1887 423 2559 485 HlLDESHElMENSES.
2600 434 2666 485 Α.
2713 436 2869 488 H05.

474 523 762 579 scelerum
788 526 845 577 et
863 519 1391 577 immundiciarum
1405 534 1539 591 quas
1562 523 1729 590 pater
1744 522 1947 587 egerat
1966 531 2134 590 spur-
2167 516 2217 568 A
2244 530 2435 571 manu
2460 517 2740 590 militum,
2800 537 2875 577 ne
2926 519 3062 593 quis
3118 520 3407 579 obsistere
3462 528 3666 596 posset
3716 526 3900 584 donec

473 613 751 668 cissimus
782 616 988 667 auctor
1017 609 1312 679 existerat,
1343 612 1399 663 et
1424 608 1757 679 apostolica
1778 606 2134 663 auctoritate

474 702 852 774 deposuerat,
882 704 938 753 et
967 698 1150 753 alium
1180 697 1242 752 in
1272 697 1472 753 locum
1502 697 1656 767 ejus,
1683 713 1867 770 quem
1924 712 2026 751 rex
2076 699 2135 751 et

469 792 659 847 clerus
713 790 985 861 ejusdem
1036 788 1149 843 loci
1206 787 1399 858 elegit,
1446 788 1847 843 constituerat.
1895 789 2132 842 Interim

467 897 608 935 vero
640 880 833 935 visum
862 883 948 934 est
978 877 1173 933 eidem
1204 876 1556 932 Gebehardo
1587 876 1927 948 apostolicae
1970 874 2131 930 sedis

462 969 679 1039 legato,
712 971 770 1023 et
797 966 1142 1023 Ruot'nardo
1171 964 1437 1038 pontiﬁci
1468 965 1826 1033 Mogontino,
1861 964 1920 1019 in
1944 963 2130 1019 ebdo-

467 1058 647 1113 mada
680 1061 816 1112 ante
848 1060 1231 1128 pentecosten
1260 1054 1483 1110 habere
1528 1054 1850 1109 concilium
1907 1053 1968 1108 in
2016 1056 2129 1109 Tu—

463 1146 677 1217 ringia,
716 1146 777 1201 in
807 1145 938 1200 loco
970 1144 1073 1217 qui
1105 1143 1321 1199 dicitur
1376 1144 1761 1210 Northusum,
1818 1146 1876 1198 et
1931 1141 2130 1197 {eccle-

466 1236 619 1291 siam
650 1240 946 1307 quantum
979 1234 1312 1305 potuissent
1341 1232 1419 1288 ad
1477 1231 1794 1304 pristinum
1845 1247 2127 1287 revocare

461 1329 704 1395 statum,
733 1328 789 1380 et
819 1324 1130 1396 antiquam
1162 1328 1403 1395 patrum
1432 1322 1705 1391 regulam
1734 1322 1810 1378 ibi
1835 1322 2082 1377 recitare
2108 1339 2121 1389 ;

461 1414 678 1470 scilicet
708 1414 1015 1469 invasores
1047 1412 1383 1485 episcopos,
1419 1428 1526 1467 nec
1578 1428 1699 1467 non
1754 1418 1809 1467 et
1862 1429 1964 1468 eos
2020 1410 2125 1484 qui

460 1508 600 1559 tunc
623 1503 911 1575 temporis
936 1502 1306 1558 intraverant
1335 1502 1705 1574 symoniace,
1728 1502 1898 1557 vivos
1945 1501 2127 1573 depo-

456 1609 617 1660 nere,
647 1598 704 1649 et
735 1592 1002 1664 sepultos
1034 1591 1317 1658 effodere,
1347 1596 1403 1646 et
1429 1591 1507 1646 ab
1537 1592 1620 1647 eis
1643 1591 1949 1647 ordinatos
1998 1606 2123 1646 ma-

454 1700 569 1739 nus
593 1683 1056 1754 imposicionem
1087 1697 1123 1736 a
1153 1680 1459 1736 catholicis
1493 1680 1774 1753 recipere,
1807 1686 1863 1735 ct
1912 1696 2123 1735 uxora-

454 1777 545 1828 tos
572 1771 815 1828 clericos
840 1771 1072 1826 nullum
1093 1770 1366 1825 divinum
1390 1770 1656 1825 ofﬁcium
1675 1769 1994 1825 celebrare.
2020 1770 2119 1824 His

453 1861 534 1917 ita
561 1861 768 1916 divina
798 1860 1126 1933 inspirante
1159 1859 1349 1929 gratia
1378 1859 1483 1913 rite
1516 1858 1845 1930 dispositis,
1876 1875 1999 1925 rex,
2036 1875 2126 1914 as-

455 1949 709 2022 sumptis
735 1949 1072 2005 Saxonibus
1103 1952 1160 2003 et
1189 1947 1534 2003 Ruothardo
1563 1946 1985 2019 archipriesule
2011 1951 2121 2003 Mo-

454 2038 723 2108 gontino,
758 2037 860 2109 qui
891 2037 995 2092 diu
1030 2053 1063 2092 a
1091 2040 1260 2108 patre
1287 2050 1396 2090 suo
1440 2039 1565 2090 erat
1619 2035 1926 2107 expulsus,
1981 2036 2122 2105 post

450 2126 819 2182 nativitatem
868 2127 1059 2181 sancti
1105 2124 1394 2179 Johannis
1448 2123 1746 2195 Baptistae,
1802 2122 1881 2177 ad
1935 2121 2120 2177 Rheni

450 2214 717 2269 ﬂuminis
743 2214 938 2286 ripam
970 2230 1161 2284 usque
1193 2211 1568 2284 perveniunt.
1618 2214 1658 2265 Ε
1709 2215 1918 2266 contra
1977 2226 2118 2265 vero

450 2306 639 2375 pater,
668 2302 771 2374 qui
801 2306 943 2357 tunc
974 2300 1282 2370 Mogontize
1312 2316 1449 2354 cum
1483 2299 1606 2354 suis
1636 2299 1876 2369 mansit,
1910 2299 2119 2355 transi-

451 2397 579 2447 tum
607 2390 868 2461 negavit,
903 2395 959 2446 et
987 2407 1053 2445 os
1080 2406 1311 2459 omnes,
1347 2405 1609 2443 maxime
1643 2388 1921 2444 comitem
1956 2388 2117 2444 Pala-

450 2479 795 2552 tinum,qui
831 2479 952 2535 tilio
995 2478 1408 2535 transmeandi
1461 2477 1817 2551 promiserat
1862 2493 2117 2550 appara—

450 2572 599 2635 tum,
649 2568 921 2624 mercede
978 2567 1261 2639 corrupit,
1318 2566 1693 2638 classemque
1742 2566 1991 2622 navium
2035 2567 2114 2622 ad

450 2663 692 2731 portum
722 2657 1022 2713 transtulit
1047 2657 1475 2726 Mogontinum,
1512 2672 1817 2728 manuque
1857 2655 2112 2712 militum

448 2753 503 2803 et
532 2747 773 2815 civium,
808 2762 883 2801 ne
914 2746 1205 2810 transiret,
1236 2745 1560 2817 prohibuit.
1593 2749 1663 2799 At
1690 2744 1868 2814 ﬁlius,
1900 2744 2111 2800 videns

449 2851 509 2889 se
554 2834 739 2907 patris
794 2834 1067 2906 potencia
1123 2838 1495 2905 praeventum
1544 2839 1600 2888 ct
1659 2850 1719 2887 se
1769 2848 1893 2888 non
1932 2847 2110 2904 posse

444 2928 834 2990 transmeare,
867 2921 1243 2991 Mogontinus
1274 2921 1520 2976 antistes
1547 2922 1890 2991 Turingiam
1919 2937 2111 2976 rever-

444 3010 586 3066 titur
618 3029 632 3079 ;
665 3011 793 3082 ipse
815 3026 952 3065 vero
1008 3009 1355 3065 Werzeburc
1409 3009 1612 3077 adivit,
1656 3014 1710 3064 et
1755 3009 2109 3082 episcopum

448 3098 753 3166 Erlolfum,
805 3114 988 3169 quem
1058 3102 1229 3169 pater
1300 3114 1444 3152 suus
1501 3098 1726 3153 ibidem
1784 3097 2105 3164 constituit,

2245 608 2488 675 portum
2567 612 2983 677 transmearet,
3050 609 3326 667 obtinuit.
3394 613 3459 667 In
3527 613 3622 670 die
3706 621 3899 674 autem

2244 693 2519 750 omnium
2546 702 2891 754 sanctorum
2922 698 3207 754 abbatem
3230 698 3737 758 Hirsowecensem
3757 704 3898 773 (401)

2244 780 2589 841 sublimavit
2639 785 2701 841 in
2752 786 3106 860 episcopum
3166 787 3526 860 Spirensem.
3584 792 3652 846 Ut
3703 795 3899 847 autem

2243 877 2620 943 compertum
2644 879 2733 930 est
2765 875 2919 948 patri
2960 875 3153 931 ﬁlium
3214 877 3380 949 Spire
3424 877 3503 933 ad
3549 881 3782 935 Renum
3810 896 3899 936 ve-

2241 958 2428 1030 nisse,
2463 963 2747 1020 continuo
2802 964 2941 1021 illuc
2971 965 3045 1021 de
3071 966 3373 1036 Moguntia
3399 983 3754 1040 properans,
3790 968 3900 1024 sibi

2240 1048 2557 1105 transitum
2613 1053 2945 1125 praepedire
2983 1054 3114 1125 jam
3188 1071 3463 1128 sperans,
3519 1056 3686 1113 illum
3761 1074 3900 1113 cum

2239 1136 2362 1192 suis
2387 1141 2817 1197 transvadasse
2841 1142 3099 1199 nimium
3130 1145 3497 1217 stupefactus
3541 1146 3789 1214 audivit,
3846 1151 3901 1204 et

2236 1242 2381 1282 mox
2411 1228 2623 1285 eadem
2650 1230 2747 1286 die
2776 1231 2966 1287 nimio
3020 1233 3333 1306 perculsus
3390 1234 3599 1293 timore
3641 1235 3896 1306 rediens,

2229 1314 2476 1386 jejunus
2502 1320 2559 1372 et
2585 1318 2764 1374 nimis
2794 1320 3077 1391 fatigatus
3099 1322 3459 1393 Mogontiam
3510 1324 3690 1381 venit.
3743 1324 3897 1381 Alte-

2234 1419 2303 1459 ra
2333 1420 2476 1460 vero
2506 1405 2602 1461 die
2634 1408 2921 1466 abbatem
2961 1412 3035 1467 de
3095 1416 3301 1468 sancto
3349 1412 3603 1482 Albano,
3652 1414 3898 1470 nomine

2233 1492 2685 1563 Theodericum,
2749 1497 2913 1570 Spire
2969 1499 3170 1571 dirigit
3220 1500 3299 1556 ad
3364 1517 3526 1575 eum,
3585 1504 3898 1559 obtestans

2233 1595 2372 1635 eum
2397 1597 2505 1654 per
2528 1585 2740 1652 Deum,
2786 1591 2851 1641 ut
2896 1588 3312 1645 recordaretur
3364 1606 3425 1646 se
3480 1595 3713 1665 patrem
3765 1591 3899 1662 ejus

2232 1682 2384 1739 esse,
2431 1674 2489 1725 et
2538 1686 2613 1726 ne
2644 1677 2768 1728 tam
2800 1676 3179 1747 pertinaciter
3207 1694 3346 1734 eum
3392 1695 3429 1735 a
3484 1695 3672 1750 regno
3720 1678 3901 1735 vellet

2229 1756 2533 1828 repellere.
2566 1759 2662 1814 Ille
2694 1762 2901 1818 audire
2924 1764 3148 1821 distulit
3174 1770 3260 1821 set
3287 1766 3402 1822 hoc
3434 1767 3528 1823 ille
3558 1767 3901 1831 mandavit,

2163 1865 2203 1918 Β
2230 1849 2295 1900 ut
2321 1846 2399 1901 ab
2422 1847 2571 1904 urbe
2598 1850 2773 1906 vellet
2793 1852 2942 1907 citus
2972 1853 3223 1923 digredi,
3253 1871 3326 1910 ne
3359 1860 3756 1929 occuparetur
3819 1857 3901 1913 ab

2228 1934 2505 1991 inimicis.
2552 1943 2624 1994 At
2679 1939 2774 1995 ille
2821 1942 3183 2014 quantocius
3237 1944 3447 1999 urbem
3475 1960 3775 2013 egressus,
3821 1947 3901 2002 ad

2226 2024 2539 2081 castellum
2612 2030 2959 2084 Hamersten
3038 2030 3214 2098 venit,
3284 2031 3488 2104 ibique
3534 2032 3902 2105 aliquandiu

2227 2121 2656 2171 commoratur.
2693 2117 2869 2172 Filius
2910 2134 3046 2173 vero
3086 2119 3446 2189 Mogontiam
3495 2121 3677 2192 venit,
3730 2122 3902 2195 lega-

2226 2203 2317 2256 tos
2393 2203 2739 2274 Turingiam
2792 2211 2928 2278 post
2975 2209 3329 2281 episcopum
3386 2209 3580 2278 mittit,
3639 2215 3697 2266 et
3745 2227 3898 2268 eum

2224 2289 2499 2360 gloriosze
2554 2299 2775 2351 sancta:
2820 2297 3122 2368 aecclesiae,
3173 2315 3210 2354 a
3247 2315 3370 2371 qua
3420 2300 3708 2372 depulsus
3763 2302 3898 2359 fue-

2221 2383 2315 2434 rat
2344 2395 2380 2434 a
2408 2385 2596 2452 patre,
2631 2384 2901 2441 restituit.
2938 2388 3070 2441 Post
3117 2386 3241 2442 haec
3272 2392 3441 2459 pater
3472 2387 3678 2444 videns
3734 2391 3894 2446 mul-

2221 2467 2536 2525 titudinem
2566 2470 2909 2544 principum
2936 2490 3008 2529 ex
3051 2475 3217 2530 omni
3272 2491 3461 2545 regno
3517 2479 3889 2548 Mogontiam

2220 2557 2543 2626 conﬂuere,
2576 2564 2634 2616 et
2660 2562 2975 2633 apostolici
3004 2564 3256 2620 nuncios
3279 2566 3488 2623 debere
3538 2569 3683 2638 (402)
3736 2567 3890 2625 inte-

2218 2661 2399 2714 resse,
2428 2652 2485 2702 et
2509 2664 2618 2720 pro
2645 2654 2805 2705 certo
2838 2652 3056 2721 sciens,
3080 2653 3224 2724 quia
3253 2652 3410 2708 ﬁlius
3438 2654 3713 2725 generale
3758 2658 3887 2713 col-

2216 2733 2492 2806 loquium
2520 2736 2604 2793 ibi
2626 2738 2800 2794 vellet
2826 2739 3067 2807 habere,
3092 2742 3361 2811 cogitans
3389 2743 3436 2798 si
3476 2744 3623 2799 forte
3678 2751 3892 2817 posset

2217 2823 2420 2898 aliqua
2444 2826 2684 2883 racione
2738 2845 2946 2884 eorum
3000 2830 3367 2887 voluntatem
3425 2833 3888 2907 interrumpere,

2216 2915 2507 2986 praemisit
2565 2917 2897 2974 Palatinum
2928 2920 3286 2990 Sigefridum
3312 2927 3369 2978 et
3410 2929 3693 2980 comitem
3752 2926 3891 2981 Wil-

2213 3002 2562 3072 lehelmum,
2597 3006 2700 3077 qui
2731 3007 2930 3062 adhuc
2957 3010 3236 3065 conducti
3261 3012 3536 3068 mercede
3564 3029 3773 3069 secum
3794 3031 3888 3071 re-

2212 3098 2582 3163 manserant,
2617 3094 2665 3149 si
2695 3094 2842 3151 forte
2874 3098 3207 3169 potuissent
3222 3100 3565 3156 condictum
3585 3101 3885 3174 placitum

445 3186 744 3258 deposuit,
772 3191 829 3240 et
856 3189 1242 3258 Rucpertum,
1275 3186 1545 3255 ejusdem
1576 3186 1921 3240 monasterii
1965 3202 2107 3257 pl‘m-
2146 3216 2186 3271 Ο
2216 3179 2320 3271 filii
2344 3181 2636 3254 impedire
2671 3203 2684 3251 ;
2716 3184 3037 3259 ipsumque
3074 3194 3208 3259 post
3265 3205 3369 3245 eos
3422 3191 3696 3262 praedixit
3748 3209 3885 3249 esse

434 3272 728 3348 positum,
787 3273 922 3329 fecit
968 3273 1340 3345 episcopum.
1376 3276 1643 3344 Cumque
1692 3290 1797 3345 per
1825 3273 1952 3328 dies
2008 3274 2109 3329 ali-

441 3364 608 3438 quod
661 3364 809 3419 inibi
861 3369 1215 3432 moraretur,
1274 3362 1353 3418 ad
1411 3363 1817 3419 Radisbonam
1890 3363 2105 3418 iterum

439 3454 769 3509 revertitur.
826 3453 908 3507 Ad
982 3452 1218 3507 vincula
1276 3469 1417 3507 vero
1469 3452 1659 3507 sancti
1736 3452 1882 3507 Petri
1936 3458 2105 3524 pater

442 3544 571 3615 ejus
602 3542 847 3599 collecto
878 3542 1136 3597 exercitu
1164 3541 1495 3613 insequitur
1526 3558 1665 3595 eum
1701 3560 1712 3609 ;
1741 3557 1850 3613 per
1901 3544 2103 3597 Bawa-

437 3632 592 3688 riam
646 3632 755 3688 iter
808 3648 989 3687 suum
1036 3630 1268 3697 direxit,
1298 3634 1354 3685 et
1383 3647 1449 3685 os
1499 3646 1731 3697 omnes,
1787 3647 1941 3702 quos
1997 3647 2099 3703 po-

438 3724 605 3788 terat,
633 3719 737 3793 qui
786 3719 908 3776 tilio
962 3718 1354 3784 adherebant,
1386 3719 1678 3774 vastando
1728 3723 1784 3773 et
1812 3719 1947 3789 igne
1980 3735 2100 3774 cre-

437 3809 666 3863 mando
698 3808 1016 3873 consumit,
1050 3811 1105 3862 et
1137 3807 1220 3862 sic
1252 3807 1330 3862 ad
1359 3806 1769 3862 Radisbonam
1815 3807 1895 3862 ire
1954 3824 2095 3863 con-

436 3896 643 3965 tendit,
668 3896 773 3950 ubi
794 3896 983 3951 tilium
1011 3912 1138 3951 esse
1162 3896 1460 3965 cognovit.
1497 3898 1566 3951 Ut
1595 3900 1795 3951 autem
1816 3896 1974 3951 ﬁlius
1996 3914 2096 3952 au-

436 3985 583 4040 divit
634 3988 865 4056 patrem
912 4000 982 4038 ex
1040 3984 1347 4056 inproviso
1395 3984 1529 4039 urbi
1583 3985 2091 4058 appropinquare,

434 4073 533 4127 vix
590 4072 868 4139 abcessit,
932 4075 987 4127 et
1040 4071 1294 4127 ﬂuvium
1341 4073 1445 4144 qui
1489 4071 1702 4128 dicitur
1733 4077 1927 4143 Regen
1954 4092 2093 4130 cum

435 4163 557 4216 suis
587 4161 1010 4218 transvadavit.
1047 4167 1195 4216 tium
1224 4178 1366 4216 vero
1393 4167 1640 4233 uterque
1685 4178 1893 4218 eorum
1953 4181 2093 4237 pau-

430 4249 600 4305 latim
642 4267 782 4305 suos
813 4255 1223 4320 congregaret,
1254 4255 1308 4305 et
1346 4250 1468 4304 dux
1524 4251 1773 4306 Boemiaa
1819 4254 1973 4324 patri
2029 4255 2090 4310 in

430 4340 721 4395 auxilium
751 4340 1079 4408 adveniret,
1107 4339 1309 4394 nuncii
1336 4340 1486 4395 inter
1516 4357 1617 4395 eos
1649 4341 2004 4411 diriguntur,
2039 4345 2089 4399 si

427 4443 551 4500 quo
581 4427 766 4483 modo
815 4432 1065 4499 possent
1111 4426 1189 4482 ad
1247 4444 1459 4499 pacem
1508 4428 1730 4484 reduci.
1790 4432 1885 4486 Set
1948 4448 2087 4487 cum

2219 3268 2374 3325 clam
2402 3276 2739 3327 venturum.
2801 3277 3069 3348 Cumque
3129 3277 3208 3332 ad
3235 3276 3465 3345 silvam,
3520 3295 3658 3351 quae
3704 3298 3886 3338 voca-

2216 3363 2308 3413 tur
2359 3362 2478 3416 San
2530 3362 2693 3432 (403),
2747 3362 3152 3433 advenissent,
3204 3372 3261 3423 et
3304 3366 3495 3423 ﬁlium
3554 3385 3692 3425 cum
3744 3387 3882 3428 ma-

2214 3464 2334 3518 gno
2361 3450 2620 3505 exercitu
2650 3451 2766 3506 alia
2790 3458 2956 3524 parte
2987 3455 3363 3526 reperissent,
3398 3458 3571 3530 eique
3624 3458 3881 3517 minime

2212 3538 2479 3593 resistere
2511 3540 2866 3610 potuissent,
2899 3543 3103 3600 media
3128 3548 3300 3601 nocte
3330 3546 3538 3616 fugam
3588 3547 3877 3607 inierunt.

2214 3630 2342 3698 Ipse
2373 3632 2569 3683 autem
2604 3644 2708 3684 eos
2736 3630 3060 3703 insecutus,
3102 3634 3177 3689 ad
3209 3635 3645 3693 Conﬂuentiam
3687 3640 3873 3696 venit.

2210 3714 2293 3769 Ibi
2319 3719 2549 3786 patrem
2577 3732 2649 3772 ex
2679 3717 2795 3773 alia
2816 3725 2983 3791 parte
3022 3720 3289 3777 ﬂuminis
3317 3723 3562 3780 invenit.
3598 3729 3875 3799 Cumque

2208 3803 2391 3859 ambo
2419 3804 2574 3860 inibi
2604 3808 3044 3879 convenissent,
3072 3816 3242 3881 pater
3265 3813 3520 3869 nuncios
3577 3814 3742 3872 misit
3787 3818 3870 3873 ad

2207 3890 2418 3963 ﬁlium,
2465 3910 2689 3964 rogans
2738 3912 2810 3952 ea
2863 3914 2999 3970 quae
3052 3899 3216 3971 pacis
3276 3906 3434 3957 sunt.
3493 3902 3669 3960 Filius
3726 3922 3872 3962 vero

2207 3987 2369 4038 trans
2399 3983 2625 4040 ﬂumen
2654 3986 2731 4041 ad
2763 3992 2996 4058 patrem
3026 3989 3287 4058 veniens,
3339 4008 3400 4046 se
3453 3992 3710 4065 pedibus
3762 3995 3874 4051 ﬁlii

2205 4071 2296 4126 sui
2321 4072 2606 4140 advolvit,
2631 4080 2688 4130 et
2715 4076 2862 4147 quia
2890 4076 3047 4133 ﬁlius
3079 4084 3136 4134 et
3165 4081 3412 4149 sanguis
3444 4083 3573 4152 ejus
3605 4090 3756 4141 esset
3778 4102 3870 4142 re-

2202 4162 2441 4218 cordari
2465 4163 2659 4230 vellet,
2724 4168 3070 4235 premonuit
3096 4168 3265 4241 (404).
3321 4175 3395 4227 At
3449 4178 3657 4231 contra
3702 4174 3868 4232 ﬁlius

2201 4250 2385 4322 patris
2409 4251 2663 4320 genibus
2688 4253 3028 4325 advolutus,
3085 4258 3358 4328 rogabat,
3416 4265 3479 4317 ut
3532 4264 3867 4336 apostolico

2201 4343 2259 4394 et
2287 4339 2452 4394 omni
2473 4356 2661 4410 regno
2692 4343 2867 4420 vellet
2889 4345 3131 4401 obedire
3157 4364 3169 4414 ;
3199 4348 3364 4420 quod
3393 4349 3439 4404 si
3458 4350 3645 4407 nollat
3662 4353 3866 4410 coales-

2198 4431 2319 4483 tem
2344 4431 2529 4484 Deum
2556 4414 2789 4502 patrem
2833 4433 3078 4499 habere,
3134 4441 3190 4492 et
3218 4414 3357 4493 -sibi
3413 4444 3647 4496 terreno
3703 4445 3861 4514 patri

425 4517 592 4573 nulla
614 4534 750 4590 spes
800 4516 1208 4589 recuperande
1231 4518 1398 4589 pacis
1428 4518 1519 4572 vel
1547 4519 1864 4575 concordie
1914 4520 2081 4589 foret,
2122 4562 2167 4615 D
2198 4515 2436 4587 penitus
2495 4516 2577 4572 ibi
2628 4518 2688 4574 in
2741 4522 3200 4593 praesentiarum
3244 4524 3420 4581 vellet
3481 4529 3856 4600 renunciare,

424 4612 481 4661 et
508 4622 650 4678 pars
680 4624 801 4661 sure
832 4606 1228 4661 multitudinis
1260 4622 1531 4678 pugnare
1564 4624 1683 4663 non
1718 4609 1982 4677 auderet,
2029 4616 2086 4667 et

421 4694 544 4751 ﬁlio
569 4696 735 4752 nullo
759 4695 944 4751 modo
974 4701 1175 4768 posset
1200 4696 1490 4761 resistere,
1524 4703 1695 4752 nocte
1754 4714 1893 4754 cum
1941 4715 2088 4771 pau-

421 4784 504 4839 cis
533 4784 897 4840 tidelissimis
954 4784 1227 4853 elabitur,
1277 4789 1332 4839 et
1388 4801 1496 4856 per
1544 4786 1847 4841 Boemiam
1899 4789 2081 4844 Saxo-

416 4871 703 4946 niamque
731 4890 869 4928 cum
897 4888 1123 4942 magna
1152 4870 1497 4928 difﬁcultate
1550 4872 1813 4929 saltuum
1867 4879 1925 4930 et
1976 4876 2083 4931 ﬂu-

416 4962 651 5017 minum
700 4966 1115 5018 transcurrens
1180 4960 1491 5016 revertitur
1566 4962 1948 5031 Moguntiam,
2032 4966 2081 5020 si

414 5050 562 5106 forte
589 5050 1026 5106 transvadandi
1068 5053 1331 5121 portum,
1391 5054 1455 5104 ut
1506 5055 1701 5120 antea,
1761 5053 2078 5123 prohibere

411 5138 654 5195 valeret.
691 5140 895 5196 Statim
926 5138 1083 5193 ﬁlius
1109 5155 1249 5193 cum
1282 5136 1406 5192 suis
1435 5141 1665 5209 patrem
1720 5139 2073 5213 insequitur,

412 5230 469 5281 et
492 5227 672 5299 Spirae
700 5229 860 5283 venit
889 5227 963 5283 ad
994 5228 1289 5294 Rhenum,
1332 5227 1779 5300 przefectunque
1843 5230 2075 5302 Spiren-

411 5332 539 5370 sem
566 5317 839 5371 mercede
872 5316 1177 5382 conduxit,
1210 5320 1267 5370 et
1292 5316 1352 5370 in
1381 5316 1581 5385 vigilia
1604 5319 1877 5374 omnium
1903 5336 2072 5375 sanc-

408 5406 607 5456 torum
628 5402 873 5457 navium
903 5409 1260 5475 apparatum
1304 5404 1414 5458 sibi
1454 5407 1954 5474 accommodavit,
2014 5414 2071 5465 et

480 5505 631 5579 (A101)
668 5507 1179 5579 Rirsauecensem,
1208 5509 1713 5579 Hirsaugiensem.

485 5574 631 5648 (tu?)
659 5576 753 5648 Ita
779 5592 855 5648 γης
892 5583 921 5628 2
956 5594 978 5638 ,·
998 5594 1113 5633 vom
1142 5574 1355 5648 prima:
1384 5574 1598 5636 nimus
1620 5583 1815 5637 deleta
1848 5590 1951 5637 est.

480 5644 629 5721 (103)
658 5647 717 5721 In
749 5645 984 5721 sinistra
1016 5644 1219 5721 Rheni,
1266 5652 1415 5706 inter
1473 5653 1693 5721 Bingen
1739 5659 1795 5707 et
1850 5655 2063 5710 Rache-

408 5710 576 5777 rach,
618 5711 717 5765 ubi
758 5710 1308 5774 Scneckerschloss.

2196 4605 2487 4676 promisit,
2519 4612 2607 4663 set
2636 4608 2883 4666 minime
2915 4613 3253 4685 complevit.
3290 4618 3559 4688 Cumque
3607 4617 3746 4674 talia
3801 4625 3860 4676 et

2194 4694 2287 4748 his
2319 4694 2534 4751 similia
2563 4696 2637 4751 de
2670 4703 2830 4754 statu
2858 4700 3143 4757 {ecclesiae
3174 4707 3230 4758 et
3257 4703 3333 4759 de
3392 4704 3581 4761 salute
3634 4707 3855 4763 animae

2194 4782 2323 4852 ejus
2353 4785 2852 4843 sermocinaretur
2890 4804 2997 4861 per
3029 4796 3219 4846 totum
3270 4792 3450 4860 diem,
3513 4796 3853 4868 vespertino

2192 4874 2458 4944 tempore
2514 4880 2765 4948 uterque
2795 4892 3004 4933 eorum
3036 4880 3115 4935 ad
3153 4881 3496 4953 hospicium
3525 4884 3849 4943 redierunt.

2189 4962 2359 5017 Pater
2423 4963 2670 5034 quidem
2760 4965 3250 5026 incumbentibus
3317 4973 3507 5028 noctis
3590 4975 3853 5033 tenebris

2188 5051 2521 5123 temptabat
2587 5055 2917 5125 aufugere;
2986 5064 3074 5114 set
3152 5059 3405 5117 vallatus
3450 5063 3717 5135 undique
3769 5066 3851 5122 ab

2185 5140 2459 5210 inimicis,
2516 5160 2907 5218 nequaquam
2964 5154 3214 5221 poterat.
3270 5154 3436 5209 Mane
3491 5169 3632 5209 vero
3678 5160 3850 5227 patre

2184 5236 2499 5303 assumpto
2544 5234 2621 5288 ad
2644 5235 2953 5292 castellum
2987 5238 3295 5309 Pinguiam
3329 5246 3638 5310 venerunt,
3685 5249 3741 5299 et
3764 5245 3852 5302 ibi

2181 5317 2282 5373 illa
2306 5325 2478 5375 nocte
2509 5328 3035 5392 pernoctaverunt,
3069 5331 3127 5380 et
3155 5326 3340 5382 altera
3368 5327 3463 5384 die
3494 5329 3669 5401 quasi
3698 5330 3850 5389 invi-

2180 5412 2308 5464 tum
2340 5410 2401 5463 in
2438 5410 2852 5468 Bekelenheim
2882 5415 3030 5485 (405)
3060 5414 3308 5472 deduxit
3337 5418 3669 5491 castellum,
3699 5424 3758 5477 et
3782 5422 3846 5480 in

2251 5516 2395 5583 (404)
2422 5515 2640 5571 Vellet:
2679 5534 2691 5571 :
2729 5534 2741 5571 :
2779 5535 2791 5572 :
2820 5535 2832 5572 :
2867 5520 3103 5576 monuit
3132 5526 3179 5576 1.
3217 5537 3354 5578 voce
3375 5539 3567 5580 erasa.

2171 5589 2394 5711 Ιιᾶἓίυξ)
2423 5588 2979 5661 Gau-Bockelheim,
3011 5597 3115 5648 aut
3165 5593 3555 5650 Bichelsheim
3594 5595 3675 5653 ad
3734 5599 3842 5653 Na-
