3968 6402
136 286 262 339 593

880 286 965 340 ET
1003 287 1346 342 LAMBERTI
1387 288 1968 344 ASCHAFNABURG.
2011 293 2185 348 mas
2226 295 2500 348 ALTERA
2542 291 2870 346 GENUINA.
3485 247 3586 343 39.;

1221 415 1545 468 ANNAIES
1574 415 2236 472 HILDESHEIMENSES.
2268 421 2334 471 A.
2374 421 2527 471 1106.

131 496 359 568 vigilia
387 495 602 552 natalis
634 496 869 552 Domini
895 497 1158 570 Spirensi
1191 500 1474 573 episcopo
1504 501 1817 570 diligenter
1854 503 1902 554 Α
1933 503 2214 560 bernator
2240 505 2523 561 extitisset
2554 509 2607 558 et
2642 502 3048 558 (ecclesiarum
3101 502 3196 556 Dei
3229 501 3587 563 defensator,

138 587 630 643 custodiendum
661 587 977 643 commisit.
1022 592 1148 644 Non
1179 589 1514 656 balneatus,
1549 594 1606 645 et
1627 591 1820 645 inton-

138 693 282 745 sus,
311 681 368 732 et
398 675 478 732 ab
508 675 673 731 omni
703 675 801 731 Dei
835 677 1075 733 servitio
1111 679 1402 750 privatus,
1444 679 1525 734 ibi
1557 695 1661 751 per
1691 696 1820 734 om-

135 781 265 821 nes
298 780 505 821 sacros
537 764 664 820 dies
712 766 1061 837 permansit.
1114 767 1325 839 Sicque
1372 766 1527 822 ﬁlius
1558 768 1822 824 natalem

141 853 397 909 Domini
429 852 837 909 celebraturus
886 856 1243 923 Mogontiam
1274 856 1599 911 revertitur.
1635 858 1822 912 Hein-

138 946 320 998 ricus
355 942 495 1014 (406)
526 943 856 1010 imperator
882 944 1090 998 Leodii
1111 951 1376 999 moratus
1407 946 1699 999 somnium
1732 960 1822 999 re-

144 1033 291 1087 latu
321 1032 570 1101 dignum
630 1031 798 1086 vidit.
828 1033 1096 1088 Putabat
1134 1049 1193 1088 se
1221 1035 1396 1104 quasi
1439 1035 1501 1087 in
1535 1034 1823 1089 viridario

135 1121 423 1189 proceris
468 1120 784 1176 arboribus
842 1123 1066 1176 consito
1114 1122 1518 1187 deambutare,
1567 1138 1822 1192 quarum

143 1225 291 1280 qua?
342 1211 696 1265 eminentior
750 1210 1084 1276 videbatur,
1139 1211 1220 1266 ad
1269 1217 1492 1265 terram
1539 1225 1822 1266 corruens

141 1314 344 1355 unam
375 1298 658 1354 arborum
687 1301 978 1368 oppressit
1009 1305 1063 1355 et
1119 1305 1293 1355 terra:
1322 1316 1518 1355 secum
1545 1307 1822 1369 prostra-

147 1390 264 1444 vit.
302 1389 532 1444 Deinde
575 1393 783 1443 cetera:
808 1389 1050 1444 arbores
1094 1391 1391 1458 paulatim
1441 1391 1623 1457 lapsa:
1661 1396 1819 1445 sunt.

149 1477 334 1544 Quod
375 1482 586 1546 postea
637 1478 727 1532 rei
781 1479 975 1532 exitus
1015 1479 1440 1547 comprobavit.
1483 1479 1824 1546 Imperator

145 1567 315 1623 enim
344 1581 464 1621 non
515 1567 688 1635 longe
715 1572 847 1635 post
897 1572 1024 1620 octo
1068 1567 1270 1622 diebus
1312 1572 1612 1636 egrotans,
1667 1583 1822 1622 nono

143 1655 438 1724 moritur,
470 1663 522 1710 et
551 1656 612 1709 in
643 1655 910 1710 (ecclesia
942 1656 1136 1710 sancti
1165 1656 1470 1711 Lamberti
1500 1671 1696 1710 coram
1731 1657 1823 1710 at-

144 1746 281 1801 tari
306 1749 530 1800 sanctae
558 1744 770 1799 Mariae
800 1745 1158 1799 tumulatur.
1214 1746 1431 1812 Quinto
1464 1746 1537 1801 ab
1563 1745 1703 1801 hinc
1731 1745 1826 1800 die

149 1849 349 1890 comes
376 1834 770 1889 Theodericus
795 1833 867 1887 de
889 1833 1523 1905 EmbilceAquisgrani
1543 1835 1819 1890 moritur.

145 1924 302 1978 Dux
330 1923 590 1992 Magnus
623 1923 932 1977 Saxonum
984 1924 1260 1993 moritur,
1293 1929 1346 1979 et
1377 1924 1630 1979 ducatus
1657 1925 1824 1978 Liut-

141 2024 298 2080 gero
327 2009 401 2065 de
423 2009 900 2080 Supetingeburg
931 2011 1402 2066 commendatur.

224 2101 641 2154 Romanorum
689 2102 781 2152 96°
810 2099 1092 2154 Henricus
1148 2115 1273 2167 rex,
1330 2104 1498 2171 patre
1547 2099 1820 2171 expulso,

148 2186 317 2257 cepit
344 2201 600 2255 regnare
650 2201 811 2241 anno
842 2191 996 2242 1106.
1045 2187 1167 2242 ind.
1208 2192 1290 2243 13.
1327 2189 1656 2260 Imperator
1684 2202 1824 2242 vero

149 2273 344 2332 nimis
370 2274 525 2348 cepit
550 2274 884 2344 lacrimare,
927 2280 985 2331 et
1023 2281 1249 2332 mestus
1298 2293 1451 2346 esse,
1485 2281 1541 2332 et
1583 2277 1656 2331 de
1684 2292 1823 2348 pec-

153 2364 308 2421 catis
335 2365 458 2420 suis
489 2364 602 2420 sibi
629 2364 768 2420 talia
793 2365 1062 2420 evenisse
1083 2383 1096 2433 ;
1116 2366 1332 2421 timens
1362 2367 1474 2421 sibi
1498 2366 1687 2421 multo
1720 2381 1822 2437 pe-

144 2455 290 2526 jora
320 2469 357 2510 a
386 2453 759 2526 principibus
784 2453 1178 2522 futura,rogat
1208 2455 1561 2527 episcopum
1593 2455 1823 2526 Spiren-

158 2560 294 2599 sem
318 2559 381 2598 se
403 2543 1030 2616 prmsentari,seseque
1061 2544 1307 2598 consilio
1338 2545 1466 2615 ejus
1494 2549 1550 2600 et
1580 2559 1827 2612 magna-

155 2637 291 2689 tum
322 2631 492 2702 regni
540 2637 755 2688 cuncta
785 2629 1083 2688 facturum
1130 2633 1455 2705 promittit:
1504 2633 1728 2703 regalia
1773 2638 1829 2688 et

153 2720 430 2787 castella,
472 2736 592 2793 que
623 2721 851 2792 optima
877 2725 933 2776 et
961 2720 1364 2776 munitissima
1389 2721 1672 2788 habebat,
1706 2720 1826 2776 ﬁlio

152 2809 414 2874 tradere,
440 2813 504 2863 ut
533 2808 743 2864 saltem
773 2809 886 2863 sibi
933 2809 1159 2881 praedia
1204 2809 1282 2864 ad
1314 2827 1457 2864 usus
1490 2809 1829 2864 necessaria

152 2899 556 2971 impenderet.
617 2897 947 2970 Episcopus
999 2915 1142 2954 vero
1190 2899 1248 2954 in
1291 2899 1595 2954 nativitate
1641 2897 1827 2953 sancti

152 2988 452 3045 Johannis
495 2988 870 3057 evangelistae
896 2989 1319 3058 'Mongontiam
1361 2989 1558 3053 venit;
1609 2989 1734 3060 ipse
1776 2992 1830 3044 et

157 3075 678 3146 Wirzeburgensis
727 3077 1044 3149 episcopus
1095 3095 1279 3133 sacrae
1326 3078 1620 3133 unctionis
1671 3078 1830 3132 ordi-

1932 597 1996 646 ut
2025 593 2076 647 ei
2104 594 2256 650 sicut
2284 594 2434 666 patri
2468 609 2576 646 suo
2608 593 2916 646 evenisset.
2961 615 2984 638 ››
3010 591 3339 662 Imperator
3367 597 3588 657 autem,

1931 687 1996 736 ut
2028 682 2168 737 vidit
2198 684 2308 738 sibi
2335 683 2694 749 denegatam
2746 695 2876 733 esse
2909 679 3167 744 veniam,
3201 679 3470 747 cogitans
3502 696 3588 733 se-

1933 788 2093 838 cum,
2126 772 2435 843 quomodo
2481 770 2758 824 excitaret
2789 768 3114 822 vindictam
3155 784 3297 836 erga
3326 785 3451 822 rem
3485 784 3592 838 pu—

1932 860 2176 928 blicam,
2238 860 2546 915 Coloniam
2597 857 2757 912 venit
2803 874 2941 911 cum
2992 856 3201 928 paucis
3252 856 3355 927 qui
3388 872 3589 910 secum

1935 954 2376 1011 remanserant;
2429 948 2657 1002 civibus
2686 946 2798 1000 illis
2850 945 3054 999 omnia
3085 961 3219 1016 quae
3253 944 3334 999 eis
3363 944 3591 998 accide-

1933 1042 2067 1094 rant
2120 1037 2389 1092 tlebiliter
2443 1035 2760 1090 enarravit.
2834 1034 3054 1088 Deinde
3127 1033 3282 1086 venit
3359 1033 3592 1099 Leodio,

1933 1126 2135 1197 ibique
2178 1125 2503 1180 honorifice
2551 1125 2628 1178 ab
2671 1123 2956 1194 episcopo
3003 1127 3058 1175 et
3103 1121 3329 1176 civibus
3371 1126 3456 1175 est
3506 1137 3590 1174 su~

1934 1223 2171 1288 sceptus
2216 1219 2269 1270 et
2320 1214 2680 1269 consolatus.
2736 1211 3095 1267 Convocavit
3148 1211 3224 1265 ad
3269 1227 3332 1265 se
3381 1211 3594 1264 ducem

1934 1304 2272 1360 Heinricum
2301 1309 2356 1358 et
2382 1303 2528 1357 alios
2562 1302 2760 1372 plures
2793 1300 3110 1371 optimates
3137 1319 3147 1361 ;
3191 1316 3400 1354 eorum
3429 1299 3595 1370 pcdi-

1933 1394 2048 1449 bus
2080 1411 2140 1448 se
2169 1392 2451 1457 advolvit,
2482 1391 2801 1463 petivitque
2846 1389 2923 1444 ab
2955 1389 3037 1442 eis
3084 1388 3394 1454 auxilium,
3423 1405 3598 1443 even-

1938 1489 2184 1554 tumque
2231 1498 2409 1536 suum
2446 1481 2528 1535 eis
2580 1495 2685 1551 per
2714 1478 2919 1533 omnia
2969 1477 3286 1531 enarravit.
3340 1477 3424 1530 Illi
3457 1494 3594 1530 vero

1934 1577 2000 1627 ut
2054 1571 2373 1627 audierunt
2447 1570 2576 1639 ejus
2651 1567 3112 1639 querimoniam,
3189 1566 3599 1620 misericordia

1935 1660 2082 1716 moti
2106 1676 2284 1731 super
2313 1675 2471 1723 eum,
2520 1657 2692 1711 tidele
2727 1656 2837 1710 Sibi
2887 1655 3254 1725 adjutorium
3305 1655 3598 1726 promise-

1935 1753 2093 1814 runt,
2151 1748 2569 1819 optimumque
2615 1745 2934 1807 duxerunt,
2983 1749 3046 1798 ut
3094 1744 3324 1814 pascha
3367 1742 3600 1796 Domini

1866 1852 1904 1905 Β
1933 1854 2072 1894 cum
2105 1838 2187 1891 eis
2219 1836 2441 1891 ibidem
2483 1834 2808 1889 celebraret
2857 1837 3024 1902 (li-08).
3079 1832 3253 1886 Filius
3304 1836 3503 1885 autem
3536 1834 3602 1883 ut

1933 1929 2048 1983 hoc
2097 1925 2343 1990 audivit,
2390 1922 2697 1978 nunciavit
2735 1922 2900 1991 regni
2952 1920 3323 1992 principibus
3377 1919 3600 1973 ibidem

1935 2014 2251 2072 convenire
2313 2017 2368 2068 et
2419 2012 2707 2084 placitum
2765 2027 2902 2064 cum
2969 2013 3133 2079 patre
3209 2008 3592 2072 habiturum;

1933 2105 2118 2161 movit
2147 2103 2470 2158 exercitum
2512 2116 2827 2168 magnum,
2876 2099 3035 2152 venit
3065 2098 3138 2152 ad
3195 2097 3596 2167 Aquasgrani,

1935 2191 2344 2265 prtemisitque
2399 2188 2703 2260 quosdam
2777 2187 2851 2240 de
2910 2185 3171 2240 exercitu
3242 2185 3319 2238 ad
3374 2184 3601 2238 flumen

1935 2281 2040 2354 qui
2070 2283 2314 2336 vocatur
2345 2280 2528 2342 Mosa,
2557 2279 2813 2347 pontum
2843 2273 2955 2328 sibi
2986 2273 3272 2344 optinere.
3311 2275 3429 2326 Hoc
3459 2288 3601 2326 vero

1936 2369 2248 2425 audientes
2278 2366 2381 2437 qui
2413 2364 2568 2436 patri
2599 2363 2888 2419 auxilium
2930 2362 3354 2433 promiserunt,
3390 2360 3609 2414 scilicet

1934 2458 2093 2513 filius
2118 2456 2306 2521 ducis,
2341 2471 2412 2509 ex
2467 2454 2651 2508 altera
2680 2457 2846 2524 parte
2873 2451 3134 2506 fluminis
3177 2453 3602 2504 convenerunt.

1939 2545 2258 2612 Instigante
2341 2540 2605 2606 diabolo,
2678 2540 2737 2593 in
2819 2555 2990 2593 cu-na
3069 2535 3300 2591 Domini
3382 2548 3606 2600 magna

1936 2633 2127 2689 caedes
2154 2632 2308 2686 facta
2338 2634 2426 2684 est
2469 2630 2619 2683 inter
2646 2645 2745 2682 eos
2774 2647 2784 2694 ;
2837 2627 3008 2681 multi
3058 2627 3236 2681 etiam
3279 2640 3386 2695 per
3411 2636 3604 2675 emer-

1939 2725 2172 2778 sionem
2219 2718 2484 2774 ﬂuminis
2513 2717 2832 2789 perierunt.
2873 2719 2986 2770 Rex
3032 2731 3188 2779 vero,
3225 2718 3286 2766 ut
3313 2710 3603 2781 comperit

1934 2813 2050 2868 hoc
2108 2811 2352 2874 factum,
2410 2807 2605 2862 timuit
2654 2822 2748 2860 me
2801 2805 3024 2860 inimici
3079 2804 3369 2858 irruerent
3427 2816 3607 2871 super

1937 2917 2093 2957 eum.
2123 2897 2447 2954 Declinavit
2474 2895 2633 2962 inde,
2668 2899 2722 2950 et
2763 2895 2839 2949 ad
2872 2893 3183 2947 castellum
3215 2894 3380 2945 Buna
3412 2889 3597 2955 venit,

1938 2989 2138 3060 ibique
2169 2991 2445 3042 sanctum
2477 2985 2725 3057 pascha,
2774 2988 2951 3054 prout
2996 2981 3206 3052 potuit,
3242 2977 3600 3033 melebravit.

1943 3077 2161 3134 Deinde
2189 3092 2328 3131 vero
2361 3075 2559 3128 visum
2589 3077 2676 3127 est
2706 3073 2756 3127 ei
2788 3072 2951 3143 apud
2979 3069 3367 3136 \Vangionem
3411 3066 3609 3120 civita-

159 3184 309 3224 nem
340 3183 377 3222 a
425 3163 771 3221 Ruothardo
829 3164 1280 3239 archiepiscopo
1341 3171 1719 3238 acceperunt,
1779 3171 1833 3222 et
1873 3205 1912 3260 Ο
1943 3174 2061 3224 tem
2091 3165 2375 3239 placitum
2409 3163 2630 3218 habere
2675 3165 3098 3234 pentecosten;
3152 3157 3355 3228 ibique
3383 3155 3608 3209 Heinri-

153 3262 303 3332 post
352 3256 680 3312 missarum
725 3256 1082 3328 sollempnia
1122 3263 1357 3326 cuncta,
1405 3274 1541 3330 quae
1586 3274 1622 3313 a
1665 3262 1833 3329 patre

157 3345 458 3412 audierat,
518 3344 642 3400 ﬁlio
694 3349 751 3400 et
807 3345 1034 3400 cunctis
1086 3346 1457 3418 principibus
1511 3346 1829 3401 enarravit.

158 3437 434 3507 Cumque
458 3431 626 3504 regni
649 3431 945 3506 principes
969 3433 1082 3490 hoc
1112 3434 1837 3502 audissent,condixerant

161 3524 491 3582 convenire
521 3523 600 3578 ad
645 3523 1005 3592 lngeleheim
1034 3527 1066 3577 2
1114 3524 1525 3579 Kalendarum
1555 3528 1683 3579 Jan.
1720 3524 1832 3579 Ibi-

159 3630 283 3688 que
313 3614 641 3686 imperator
671 3617 759 3667 est
805 3617 1215 3685 praesentatus.
1267 3616 1534 3682 Regnum
1569 3613 1688 3667 ﬁlio
1724 3618 1837 3667 tra-

162 3703 337 3770 didit,
369 3707 549 3774 atque
599 3701 872 3755 omnium
915 3701 1174 3772 pedibus
1203 3701 1577 3772 provolutus,
1625 3699 1833 3772 praeci-

163 3805 286 3862 pue
317 3788 610 3845 cardinali
637 3787 831 3858 legato
863 3789 1206 3858 apostolicae
1231 3788 1654 3854 sedis,veniam
1682 3790 1829 3856 (t0?)

161 3885 220 3934 et
271 3877 715 3933 absolutionem
764 3876 948 3932 banni
1006 3877 1384 3948 precabatur,
1434 3876 1724 3932 confitens
1772 3893 1832 3931 se

161 3967 358 4022 multo
387 3971 659 4038 tempore
689 3966 1258 4022 anathematizatum
1298 3983 1425 4020 esse
1457 3983 1491 4020 a
1535 3983 1694 4038 papa
1723 3966 1835 4019 Hil-

160 4055 493 4122 dibrando,
526 4058 583 4108 et
632 4053 849 4124 injuste
880 4071 1060 4126 super
1108 4071 1245 4109 eum
1287 4055 1660 4110 constituisse
1693 4056 1833 4110 Wic-

157 4145 405 4201 bertum
430 4158 680 4216 papam,
715 4147 771 4198 et
798 4144 920 4197 suis
959 4142 1331 4214 temporibus
1361 4160 1487 4198 rem
1525 4141 1833 4215 publicam

159 4232 348 4289 nimis
381 4247 511 4286 esse
537 4231 839 4286 turbatam
865 4250 882 4298 ;
911 4237 968 4286 et
1017 4237 1251 4298 cuncta,
1286 4248 1421 4303 quae
1467 4232 1578 4286 sibi
1606 4231 1836 4302 objece-

158 4325 323 4390 rant,
356 4320 670 4375 confessus
717 4326 825 4388 est,
858 4325 1104 4392 excepto
1131 4321 1296 4392 quod
1344 4321 1504 4376 idola
1536 4337 1656 4376 non
1687 4321 1833 4376 ado-

161 4414 343 4466 raret.
394 4408 722 4465 Cardinalis
779 4414 1002 4476 autem,
1065 4409 1170 4481 qui
1220 4410 1524 4482 inopinate
1582 4409 1659 4465 ad
1707 4410 1833 4464 haec

161 4500 326 4554 facta
374 4503 749 4557 convenerat,
799 4497 1003 4552 dicens
1052 4514 1112 4553 se
1143 4499 1308 4554 nullo
1351 4499 1531 4554 modo
1561 4505 1682 4554 tam
1709 4515 1833 4553 ma-

164 4602 355 4658 gnam
404 4601 729 4658 personam
783 4586 1110 4658 suscipere,
1168 4591 1411 4658 propter
1443 4604 1624 4658 quem
1670 4590 1832 4642 tanta

163 4673 336 4730 mala
380 4673 441 4727 in
467 4677 590 4729 toto
638 4689 826 4741 regno
857 4679 995 4728 sunt
1024 4679 1386 4746 perpetrata,
1437 4675 1551 4729 nisi
1581 4675 1836 4746 ipsemet

164 4763 539 4836 apostolicus
574 4764 900 4820 adveniret.
927 4766 1202 4838 Deposito
1250 4782 1389 4820 vero
1440 4769 1627 4836 patre,
1679 4763 1834 4818 ﬁlius

165 4852 536 4920 Mogontiam
580 4868 718 4907 cum
764 4852 932 4922 regni
989 4853 1360 4925 principibus
1405 4853 1732 4919 revertitur,
1781 4855 1837 4906 et

165 4944 418 5014 propter
447 4940 672 5010 regalia
721 4941 1130 4996 Werinherum
1163 4943 1442 4996 comitem
1491 4943 1836 4995 Hamersten

165 5028 334 5084 misit
361 5033 418 5083 et
445 5029 887 5100 nequissimum
917 5028 1327 5097 Volcmarum,
1360 5029 1464 5100 qui
1512 5028 1617 5083 fuit
1645 5028 1839 5083 consi-

163 5117 375 5172 liarius
419 5117 606 5189 patris
657 5123 714 5173 et
757 5118 1030 5173 omnium
1082 5117 1371 5172 scelerum
1421 5117 1735 5183 conscius;
1783 5121 1840 5172 et

163 5207 230 5262 in
281 5206 488 5276 vigilia
539 5207 874 5279 epiphaniae
933 5224 1004 5263 ea
1044 5207 1254 5271 attulit,
1305 5214 1359 5263 et
1408 5224 1444 5264 a
1496 5207 1838 5263 Ruothardo

167 5295 629 5368 archiepiscopo
687 5301 744 5352 et
815 5298 982 5352 omni
1041 5297 1197 5353 clero
1256 5303 1312 5353 et
1373 5296 1600 5370 populo
1652 5297 1839 5351 hono-

165 5384 336 5440 riﬁce
390 5383 838 5457 suscipiuntur;
890 5391 945 5442 et
976 5403 1046 5442 ea
1074 5403 1277 5442 coram
1323 5385 1694 5459 principibus
1717 5384 1839 5439 tilio

169 5473 434 5541 tradidit,
493 5474 576 5530 ita
624 5475 874 5531 dicens:
941 5498 968 5526 «
1014 5476 1071 5532 Si
1125 5492 1250 5530 non
1300 5477 1493 5546 justus
1519 5475 1688 5543 regni
1737 5489 1840 5542 gu-

243 5599 392 5672 (406)
423 5599 734 5656 Heinricus
756 5617 941 5672 usque
957 5601 1312 5656 eminentior
1331 5602 1694 5670 suppleviea:
1723 5602 1847 5658 An-

171 5671 402 5727 nalista
433 5673 720 5742 Saxone;
745 5673 807 5726 in
837 5671 1038 5727 codice
1050 5675 1188 5741 jam
1217 5673 1413 5734 deleta
1439 5677 1598 5738 sunt,

246 5741 402 5812 (407)
439 5745 532 5802 Ita
563 5741 749 5803 codex
776 5743 1114 5816 distinguit.

1946 3273 2083 3312 cum
2110 3255 2329 3310 ducem
2378 3252 2558 3307 rebus
2586 3250 2842 3322 publicis
2885 3247 3159 3320 privavit.
3213 3248 3380 3303 Pater
3411 3247 3610 3298 autem

1945 3361 2083 3400 cum
2113 3342 2334 3413 gaudio
2377 3355 2599 3408 magno
2651 3337 2868 3393 Leodio
2918 3336 3144 3408 pascha
3194 3332 3430 3387 Domini
3472 3346 3612 3386 cum

1945 3435 2068 3489 suis
2125 3430 2460 3498 celebravit,
2522 3433 2738 3500 etpost
2790 3431 3063 3481 sanctum
3121 3423 3349 3494 pascha
3395 3421 3612 3476 iterum

1946 3521 2253 3580 Coloniam
2324 3518 2670 3582 revertitur;
2751 3515 3030 3585 civesque
3100 3511 3179 3565 illi
3257 3527 3395 3564 cum
3449 3510 3614 3578 jura-

1945 3616 2147 3667 mento
2214 3608 2423 3663 urbem
2498 3606 2609 3660 sibi
2677 3602 2975 3658 custodire
3047 3600 3470 3672 promiserunt,
3541 3613 3610 3652 ac

1944 3699 2178 3764 deinde,
2228 3697 2376 3750 sicut
2423 3695 2578 3749 docti
2626 3693 2859 3746 fuerant
2918 3691 2994 3743 ab
3034 3705 3125 3754 eo,
3179 3687 3337 3741 intus
3382 3691 3438 3740 et
3467 3684 3610 3738 foris

1944 3806 2004 3843 se
2062 3787 2284 3860 optime
2333 3784 2566 3839 munire
2616 3783 2919 3852 ceperunt.
2977 3781 3093 3832 Rex
3137 3791 3296 3840 vero,
3354 3780 3415 3828 ut
3464 3773 3612 3828 vidit

1945 3877 2270 3933 versutiam
2323 3873 2505 3945 patris
2555 3875 2610 3926 et
2639 3869 2950 3939 antiquam
2995 3879 3267 3920 exercere
3319 3861 3610 3917 malitiam

1945 3967 2232 4022 adversus
2301 3979 2424 4017 rem
2503 3958 2810 4032 publicam
2881 3957 3048 4026 (imi),
3116 3968 3408 4022 magnum
3472 3966 3611 4005 con-

1945 4054 2212 4125 gregavit
2261 4050 2586 4106 exercitum
2624 4047 2698 4101 de
2744 4045 2905 4100 omni
2936 4059 3144 4110 regno,
3179 4046 3235 4096 et
3283 4044 3417 4112 post
3457 4037 3611 4093 festi-

1944 4144 2188 4200 vitatem
2237 4145 2586 4196 sanctorum
2636 4136 2782 4191 Petri
2816 4139 2871 4190 et
2915 4133 3074 4189 Pauli
3117 4131 3194 4185 ad
3233 4134 3433 4202 partes
3464 4129 3612 4182 Con-

1943 4232 2200 4287 ﬂuentiae
2229 4230 2422 4284 venit:
2474 4226 2676 4297 ibique
2708 4223 2954 4278 collecto
2986 4219 3263 4283 exercitu,
3303 4214 3611 4272 Coloniam

1944 4321 2126 4383 venit,
2179 4334 2432 4389 eamque
2461 4314 2717 4369 obsedit.
2767 4311 3147 4368 Colonienses
3195 4321 3334 4360 vero
3372 4309 3434 4356 ut
3465 4301 3611 4356 boni

1946 4409 2160 4465 milites
2191 4407 2430 4461 stabant
2473 4400 2836 4474 impeterriti,
2898 4398 3121 4452 fortiter
3159 4393 3211 4449 ei
3250 4391 3608 4457 resistentes,

1946 4505 2000 4554 et
2044 4497 2471 4560 strenuissime,
2519 4492 2774 4564 qualiter
2822 4502 3137 4559 nunquam
3186 4487 3363 4537 antea
3401 4483 3489 4535 est
3526 4478 3611 4532 vi-

1945 4604 2099 4654 sum,
2133 4586 2525 4647 decertantes,
2554 4587 2610 4635 et
2635 4579 2885 4651 quidam
2917 4591 3106 4645 genus
3133 4571 3468 4631 hominum,
3503 4567 3610 4638 qui

1941 4680 2233 4731 vocantur
2290 4670 2561 4736 Gelduni,
2629 4682 2784 4739 quos
2836 4665 2960 4719 dux
3034 4658 3342 4714 Heinricus
3412 4656 3493 4711 eis
3547 4655 3609 4710 in

1943 4763 2232 4820 auxilium
2285 4761 2545 4824 miserat,
2599 4756 2707 4813 viri
2763 4752 3079 4809 bellatores
3133 4752 3188 4803 et
3239 4743 3505 4800 strennui
3554 4747 3610 4798 et

1944 4854 2122 4910 nimis
2175 4851 2333 4908 docti
2381 4849 2459 4905 ad
2504 4846 2729 4921 praelia.
2783 4841 3008 4898 Idcirco
3056 4837 3400 4893 ceciderunt
3438 4832 3611 4888 multi

1945 4943 2260 5008 vulnerati,
2312 4945 2368 4996 et
2395 4939 2553 5010 regis
2584 4934 2913 4992 excercitus
2954 4929 3201 4986 minime
3250 4926 3333 4980 eis
3374 4925 3610 4996 poterat

1945 5032 2289 5107 przevalere.
2322 5033 2592 5100 Cumque
2640 5041 2747 5098 per
2776 5027 2891 5078 tres
2936 5015 3310 5076 ebdomadas
3349 5012 3430 5068 ibi
3471 5011 3610 5107 resif

1947 5100 2132 5194 deret,
2162 5127 2219 5177 et
2266 5120 2432 5175 nulla
2466 5134 2603 5190 spes
2639 5114 2750 5170 sibi
2780 5107 3127 5182 acquirendi
3167 5107 3340 5165 esset,
3387 5100 3614 5157 amovit

1950 5211 2273 5270 exercitum
2308 5208 2385 5263 ad
2419 5200 2815 5278 Aquasgrani.
2837 5202 2971 5253 Erat
2991 5196 3152 5252 enim
3182 5197 3337 5248 estas
3365 5204 3610 5278 magna,

1950 5303 2006 5352 et
2088 5312 2212 5368 prae
2296 5274 2510 5348 nimio_
2567 5289 2750 5344 fetore
2824 5299 2945 5339 non
3017 5282 3249 5353 poterat
3321 5274 3613 5368 exercitus

1951 5362 2212 5455 amplius
2266 5379 2552 5434 sustinere
2599 5374 2892 5430 laborem.
2934 5367 3188 5438 Contigit
3230 5371 3432 5455 autem
3472 5362 3618 5418 inte-

1951 5453 2076 5530 rim
2110 5471 2536 5544 imperatorem
2569 5463 2787 5520 Leodio
2828 5465 3136 5529 egrotasse
3163 5477 3175 5525 ;
3205 5461 3260 5512 et
3289 5453 3614 5527 perductus

2029 5598 2172 5650 (tom
2208 5597 2299 5651 Ita
2332 5608 2544 5649 manus
2570 5591 2782 5660 prior;
2809 5587 3006 5642 altera
3037 5583 3423 5640 celebrarent.

2133 5715 2136 5722 .
2165 5707 2177 5740 λ
2211 5671 2305 5723 Ita
2330 5665 2514 5721 coclea:
2540 5661 2876 5730 distinguit.
