3968 6638
368 461 469 514 595

376 799 508 861 ctus
538 809 731 868 usque
759 791 837 849 ad
868 794 1151 862 mortem,
1183 790 1471 848 Kalendis
1500 790 1750 862 Augusti
1769 789 1930 845 diem
1955 785 2042 842 ul-

374 882 590 939 timum
622 881 851 939 clausit.
912 880 1191 938 Gladium
1224 885 1281 937 et
1310 880 1615 950 diadema,
1660 896 1797 952 quas
1841 876 2041 932 adhuc

324 1039 331 1045 ν
377 988 590 1029 secum
634 969 919 1039 habebat,
967 969 1089 1025 ﬁlio
1139 985 1251 1026 suo
1281 969 1440 1026 misit
1470 986 1608 1024 cum
1639 965 2040 1037 Erkenbaldo,

372 1060 724 1117 ﬁdelissimo
754 1058 1087 1116 camerario
1120 1075 1252 1127 suo,
1282 1063 1339 1116 et
1382 1058 1724 1114 Burchardo
1752 1056 2041 1131 episcopo

373 1150 447 1206 de
479 1153 825 1221 Monestere,
852 1165 1042 1221 quam
1091 1152 1233 1205 tunc
1263 1148 1530 1204 vinctum
1564 1147 1840 1215 tenebat;
1874 1160 2041 1201 man-

371 1238 658 1314 davitque
686 1238 758 1307 ei,
810 1242 874 1294 ut
903 1236 1188 1293 omnibus
1218 1236 1459 1293 veniam
1492 1236 1661 1292 daret
1688 1239 1744 1291 et
1772 1234 2040 1304 indulge-

370 1331 479 1394 ret,
514 1327 619 1401 qui
650 1343 854 1385 secum
898 1327 959 1383 in
989 1326 1283 1395 augustiis
1322 1326 1443 1382 suis
1491 1328 1949 1399 permanerent;
1985 1327 2042 1380 et

369 1427 595 1482 rogans
624 1428 765 1468 eum
796 1411 975 1471 etiam
1005 1410 1171 1484 Spire
1192 1411 1365 1481 juxta
1392 1414 1670 1484 parentes
1701 1426 1843 1465 suos
1876 1424 2039 1483 sepe-

372 1500 499 1558 lire.
556 1504 676 1556 Rex
704 1516 842 1557 vero
876 1500 1078 1557 statim
1124 1500 1479 1556 convocavit
1526 1499 1604 1556 ad
1635 1516 1695 1554 se
1737 1498 2038 1572 principes

371 1589 561 1660 regni,
608 1594 664 1646 et
691 1590 886 1663 querit
932 1589 1010 1648 ab
1040 1589 1124 1645 eis
1162 1588 1501 1660 consilium,
1550 1588 1698 1663 quid
1745 1588 1819 1644 de
1851 1587 2038 1662 patris

370 1678 641 1751 exequiis
670 1682 825 1734 esset
854 1678 1139 1735 facturus.
1175 1680 1312 1733 Erat
1358 1677 1518 1732 enim
1547 1678 1854 1744 humatus,
1886 1676 2038 1733 sicut

369 1783 575 1837 regem
631 1766 905 1831 decebat,
966 1767 1016 1822 si
1070 1770 1219 1839 aput
1270 1769 1459 1822 Deum
1517 1765 1856 1833 meruisset,
1891 1770 2038 1838 aput

368 1856 646 1908 sanctum
698 1851 1085 1909 Lantbertum
1136 1850 1374 1917 Leodio,
1424 1850 1775 1918 honoriﬁce,
1800 1851 1879 1905 ab
1909 1851 2034 1924 epi-

368 1957 554 2014 scopo
584 1941 687 2014 qui
750 1956 988 2014 semper
1018 1940 1131 1996 sibi
1182 1939 1367 1996 extitit
1408 1938 1600 1995 ﬁdelis
1633 1938 1695 1996 in
1724 1940 2031 1997 omnibus.

365 2031 529 2087 Tunc
557 2029 861 2102 principes
892 2028 1059 2097 regni
1094 2027 1207 2083 sibi
1258 2027 1554 2083 dederunt
1600 2027 1939 2096 consilium,
1971 2034 2036 2086 ut
2074 2050 2114 2104 Β
2146 2026 2400 2082 vehardc
2455 2027 2901 2084 Constantiensi
2938 2030 3123 2085 datur
3162 2030 3333 2101 (410),
3377 2032 3519 2100 quia
3550 2032 3635 2087 his
3662 2047 3793 2088 con-
3903 2056 3908 2070 ε

364 2117 717 2190 praeciperet
742 2133 882 2173 eum
932 2116 1135 2189 effodi,
1166 2132 1242 2172 ne
1273 2120 1427 2171 esset
1463 2116 1523 2173 in
1553 2115 1767 2171 eadem
1800 2119 2032 2170 senten-

365 2206 479 2277 cia,
510 2223 633 2280 qua
664 2211 850 2279 pater,
886 2207 934 2261 si
958 2206 1110 2262 ullas
1142 2205 1254 2260 sibi
1281 2205 1499 2260 faceret
1528 2205 1813 2278 exequias
1840 2224 1851 2273 ;
1886 2210 1942 2260 et
1972 2205 2032 2262 in

364 2295 557 2351 adem
588 2310 712 2351 non
740 2300 1156 2351 consecratam
1187 2294 1355 2349 illum
1388 2298 1656 2366 poneret,
1694 2299 1751 2349 et
1780 2298 2031 2351 Romam

366 2381 608 2439 nuntios
655 2382 931 2453 mitteret,
984 2387 1038 2438 et
1086 2382 1165 2438 ab
1192 2382 1521 2455 apostolico
1568 2382 1754 2438 banni
1782 2382 2034 2438 solucio—

365 2486 529 2540 nem,
564 2471 612 2527 si
635 2472 760 2528 ﬁeri
788 2470 1013 2546 posset,
1043 2473 1156 2529 sibi
1176 2473 1539 2546 impetraret.
1566 2472 1776 2545 Sicque
1805 2473 2029 2528 factum

364 2563 474 2627 est,
505 2563 569 2616 ut
598 2560 1008 2633 praediximus,
1037 2567 1094 2617 et
1113 2562 1173 2617 in
1203 2561 1515 2634 quandam
1546 2564 1717 2617 Mosae
1748 2561 2030 2618 insultam

364 2653 454 2706 est
480 2650 731 2722 positus,
778 2650 1133 2724 nullumque
1178 2650 1453 2705 divinum
1494 2650 1760 2707 ofﬁcium
1786 2652 2033 2711 ulterius

366 2754 546 2812 super
588 2755 728 2795 eum
772 2744 860 2795 est
902 2739 1146 2806 factum,
1182 2739 1295 2795 nisi
1338 2739 1852 2795 Jerosolimitanus
1896 2741 2029 2814 qui-

363 2828 505 2886 dam
554 2830 891 2887 monachus
941 2847 1085 2886 casu
1113 2830 1291 2895 venit,
1326 2834 1383 2884 et
1433 2830 1546 2885 sibi
1578 2830 1673 2885 die
1704 2836 2027 2904 noctuque,

362 2934 555 2991 usque
605 2919 755 2975 dum
796 2919 879 2976 ibi
926 2920 1142 2988 stabat,
1175 2920 1581 2976 indesinenter
1624 2920 2030 2996 psalmodiam

365 3008 828 3066 cantabat.Proh
859 3009 1059 3066 dolor!
1088 3010 1256 3082 quod
1286 3026 1581 3084 umquam
1610 3010 1738 3065 talis
1770 3027 2031 3085 persona

363 3095 447 3151 ita
474 3097 693 3153 meruit
720 3098 957 3155 tractari
1012 3114 1047 3155 a
1074 3098 1197 3154 filio
1246 3114 1355 3153 suo
1385 3102 1440 3154 et
1470 3115 1506 3154 a
1538 3098 1705 3168 regni
1744 3099 2029 3177 principi-

360 3184 503 3251 bus,
531 3190 588 3242 et
616 3186 734 3242 nisi
783 3187 1023 3243 adesset
1064 3187 1207 3242 ultio
1254 3187 1479 3256 divina,
1534 3204 1923 3261 nequaquam
1967 3190 2028 3246 in

361 3273 640 3328 extremis
670 3273 791 3329 suis
821 3274 874 3329 ei
906 3274 989 3329 sic
1017 3275 1272 3331 evenire.
1308 3278 1442 3330 Post
1472 3274 1599 3331 haec
1630 3275 1852 3348 placuit
1881 3277 2027 3347 regi,

362 3365 689 3452 utpatrem
726 3379 908 3452 suum
958 3362 1193 3452 Spiram
1243 3363 1516 3437 deferret,
1550 3369 1607 3419 et
1642 3365 1927 3437 prtecepit
1955 3366 2030 3422 de
2070 3399 2109 3452 ρ

361 3449 665 3523 aliquibus
716 3449 1113 3507 familiaribus
1166 3452 1289 3506 suis
1331 3453 1593 3508 maxime
1646 3452 2027 3521 Erkanbado,

361 3539 467 3613 qui
524 3555 761 3613 semper
790 3541 851 3596 in
908 3541 1203 3612 augustiis
1248 3542 1370 3597 suis
1412 3542 1522 3598 sibi
1570 3541 1916 3609 adherebat,
1968 3547 2033 3598 ut

363 3628 475 3685 sibi
535 3628 674 3686 illuc
725 3629 1016 3702 praeberet
1061 3630 1441 3687 famulatum.
1491 3634 1761 3703 Cumque
1801 3635 1831 3687 3
1879 3634 2025 3686 Non.

362 3719 521 3789 Sept.
569 3718 706 3775 illuc
738 3718 952 3775 allatus
982 3724 1155 3789 esset,
1204 3720 1378 3775 solito
1410 3736 1577 3775 more
1608 3720 2029 3775 defunctorum

358 3807 624 3881 exequiis
653 3807 980 3866 honoriﬁce
1008 3824 1045 3864 a
1074 3808 1232 3866 clero
1259 3814 1315 3864 et
1364 3808 1590 3882 populo
1631 3810 1950 3882 suscipitur
1974 3814 2031 3866 et

357 3894 421 3950 in
466 3894 784 3953 basilicam
812 3901 1031 3953 sanctae
1071 3897 1285 3968 Mariis,
1330 3913 1518 3969 quam
1557 3914 1799 3953 summo
1831 3898 2027 3953 studio

359 3987 793 4053 construxerat,
853 3984 1226 4057 portabatur.
1284 3985 1509 4041 Idcirco
1563 3986 1887 4059 episcopus
1943 3986 2027 4041 in-

359 4071 597 4129 terdixit
622 4073 813 4130 ullum
842 4073 1113 4130 divinum
1161 4074 1240 4130 ibi
1274 4075 1574 4131 celebrare
1606 4076 1894 4146 ofﬁcium,
1922 4076 2028 4132 do-

358 4176 470 4218 nec
495 4166 897 4234 purgarentur
944 4161 1022 4218 ab
1048 4162 1163 4218 hoc
1194 4162 1373 4218 facto.
1409 4166 1475 4219 Et
1519 4164 1601 4219 sic
1628 4168 1793 4219 extra
1820 4179 2029 4219 mona-

361 4248 608 4306 sterium
660 4250 795 4305 fecit
852 4265 1070 4321 corpus
1127 4250 1305 4307 statui
1357 4250 1419 4306 in
1474 4251 1706 4326 capella
1750 4252 2025 4307 nondum

360 4341 729 4393 consecrata.
782 4336 946 4393 Unde
988 4336 1181 4392 factus
1212 4342 1303 4394 est
1342 4338 1634 4394 tumultus
1664 4344 1721 4394 et
1751 4338 2025 4412 planctus

358 4441 621 4495 magnus
652 4426 714 4483 in
756 4424 1004 4499 populo,
1049 4426 1195 4500 quia
1242 4427 1447 4484 dilexit
1495 4428 1698 4483 locum
1743 4433 1799 4483 et
1828 4444 2025 4501 popu-

357 4515 486 4574 lum
511 4531 635 4590 prae
666 4515 969 4572 omnibus.
1005 4519 1146 4572 Post
1174 4517 1301 4571 haec
1333 4516 1523 4572 multo
1553 4521 1820 4591 tempore
1848 4518 2024 4572 inhu-

350 4609 591 4665 matum
617 4620 836 4678 corpus
862 4605 940 4662 ab
976 4605 1188 4662 incolis
1220 4604 1301 4663 ibi
1332 4606 1844 4678 frequentabatur.
1882 4609 2023 4661 Leo-

357 4693 616 4750 dicensis
648 4710 787 4752 vero
817 4694 1161 4768 episcopus,
1194 4711 1334 4750 cum
1379 4695 1509 4750 aliis
1536 4696 1642 4768 qui
1688 4695 1813 4765 regi
1839 4695 2024 4750 rebel-

355 4781 648 4854 laverant,
680 4798 820 4840 cum
859 4783 1130 4840 viderent
1175 4800 1238 4839 se
1287 4800 1415 4839 esse
1467 4784 1783 4840 destitutos
1830 4788 2023 4841 morte

356 4871 754 4945 imperatoris,
787 4872 1165 4946 Aquasgrani
1192 4874 1269 4929 ad
1300 4873 1681 4929 dedicionem
1710 4878 2019 4941 venerunt;

358 4966 608 5033 excepto
637 4962 791 5019 duce
818 4962 1221 5035 Heinrico,qui
1238 4962 1299 5018 in
1315 4962 1639 5019 rebellione
1669 4963 2019 5036 permansit.

360 5050 463 5107 His
494 5050 760 5123 expletis,
788 5067 893 5107 rex
934 5068 1075 5108 cum
1111 5067 1338 5124 magna
1366 5051 1455 5107 ira
1490 5067 1761 5109 reversus
1801 5056 1891 5107 est
1923 5055 2027 5109 Co-

358 5138 608 5206 loniam,
639 5141 1045 5215 praacepitque
1087 5157 1197 5215 per
1243 5156 1455 5196 omnes
1505 5140 1773 5197 civitates
1822 5144 2024 5211 Regno

359 5228 703 5302 adiacentes
734 5245 1099 5303 congregare
1139 5230 1485 5303 exercitum,
1517 5234 1582 5287 ut
1620 5230 1733 5285 sibi
1761 5230 1823 5286 in
1856 5231 2026 5301 adju-

1254 457 1512 512 ANNAL.
1583 448 2032 509 HILDESHEIM.
2099 447 2324 512 QUEDI.

1355 578 1678 635 ANNALES
1710 573 2330 631 HILDESHEIMENSE:

372 705 546 766 terim
594 703 1021 777 imperatorem
1073 701 1291 758 Leodio
1327 706 1673 774 egrotasse;
1724 704 1781 757 et
1823 697 2041 772 perdu-
2078 699 2125 753 A
2154 694 2336 751 toriur:

2459 489 2472 503 .
2532 448 2911 505 WEISSEHB.

2453 614 2467 628 .
2502 572 2824 629 1107-1109.

2451 695 2667 767 lavigio
2718 696 3010 762 venirent,
3067 699 3132 753 ut
3162 711 3223 752 se
3260 694 3644 756 vindicaretin
3667 701 3752 758 eis.

3664 457 3746 511 596

3867 1225 3872 1289 ι

3866 1396 3879 1485 ἐ

2152 782 2335 840 Colon
2451 801 2533 885 ses
2559 786 2674 842 hoc
2724 784 3057 885 audientes,
3098 784 3280 885 nimis
3313 784 3759 885 .inde‘stupefacti
3840 812 3852 885 ε

2150 876 2206 927 et
2241 877 2340 945 pet
2451 873 2520 942 ti,
2571 878 2628 930 et
2673 873 2943 947 undique
2974 873 3053 930 ab
3100 873 3357 929 inimicis
3404 873 3607 945 vallati,
3641 879 3760 935 etin
3841 873 3851 897 "

2149 960 2315 1016 nullo
2455 978 2516 1018 m
2555 962 2867 1028 habentes,
2898 961 3305 1036 promiserunt
3330 978 3391 1019 se
3421 964 3538 1035 regi
3559 964 3763 1024 daturos

2150 1066 2253 1105 sex
2298 1066 2354 1105 m
2451 1071 2463 1107 t
2510 1051 2915 1108 thalentorum
2947 1051 3198 1122 argenti.
3246 1055 3368 1109 Rex
3396 1068 3550 1127 vero,
3586 1055 3764 1113 dolens
3862 1102 3863 1107 η

2148 1139 2358 1212 quodi
2451 1140 2511 1196 ltl
2551 1141 2902 1197 cecidissent
2945 1141 3007 1196 in
3036 1140 3372 1210 obsidione,
3418 1141 3519 1199 diu
3553 1143 3771 1215 denega—
3865 1184 3867 1211 ι

2148 1227 2266 1296 vit;
2301 1232 2361 1285 ta
2452 1244 2548 1284 em
2583 1231 2702 1285 Deo
2744 1229 3074 1301 inspirante
3105 1230 3435 1299 concessit;
3464 1236 3519 1287 et
3546 1232 3611 1289 sit
3633 1249 3773 1290 exer-

2148 1315 2302 1371 citus
2334 1332 2364 1371 e
2451 1318 2606 1385 iitur,
2631 1322 2689 1374 et
2718 1317 3138 1391 unusquisque
3160 1335 3300 1375 cum
3327 1320 3545 1391 gaudio
3571 1321 3639 1379 ad
3659 1337 3776 1395 pro-

2147 1405 2279 1477 pria
2305 1422 2367 1461 re
2451 1407 2633 1463 rtitur.

2223 1498 2376 1550 1107.
2452 1495 2557 1551 nd.
2612 1498 2695 1551 14.
2754 1497 2929 1565 Papa
2957 1512 3033 1553 ex
3060 1498 3278 1567 synodi
3302 1500 3588 1556 sententia
3634 1500 3778 1570 apud

2150 1584 2363 1639 Trecas
2451 1583 2832 1640 touthardum
2874 1585 3425 1655 Mongontinensem
3473 1590 3779 1658 episcopum

2145 1670 2220 1727 ab
2250 1672 2384 1740 ofﬁc
2475 1673 2804 1743 suspendit,
2835 1688 2897 1729 eo
2926 1675 3086 1745 quod
3114 1676 3374 1732 Udonem
3403 1677 3785 1734 Hildeneshei-

2145 1776 2388 1816 mensem
2451 1762 2573 1817 sine
2605 1763 2883 1817 (ecclesiae
2924 1779 3211 1819 consensu
3260 1767 3543 1836 restituit,
3580 1773 3629 1823 et
3656 1767 3785 1838 quia

2143 1850 2392 1919 Reynha
2452 1850 2577 1906 ium
2627 1857 2840 1907 contra
2887 1854 3041 1921 jura
3100 1868 3398 1910 canonum
3450 1856 3787 1911 Halversta-

2143 1938 2316 1993 densi
2338 1954 2396 1994 (τι
2452 1939 2615 1995 lesiae
2657 1940 2981 1996 ordinavit.
3015 1940 3244 1997 Similis
3282 1944 3571 1999 sententia
3604 1945 3670 1999 de
3698 1944 3791 2000 Gi-

2141 2117 2322 2171 sensit
2370 2132 2404 2186 q
2456 2118 2476 2170 i
2526 2118 2949 2172 Godescalcum
3007 2117 3310 2173 Mindensi
3363 2119 3634 2174 (ecclesiae
3675 2122 3797 2177 loco

2142 2206 2399 2273 episcopi
2451 2210 2817 2271 vitruserunt,
2851 2212 2905 2259 et
2944 2207 3086 2275 quia
3133 2206 3505 2276 Heynricum
3538 2208 3801 2277 Magede-

2143 2293 2413 2362 burgens:
2452 2310 2492 2348 η
2515 2295 2839 2349 ordinavit.
2870 2294 3154 2349 Omnibus
3186 2296 3543 2351 ibiecclesiis
3571 2303 3797 2365 aposto-

2145 2383 2293 2437 licus
2327 2382 2418 2436 lib.
2451 2388 2680 2449 rtatem,
2725 2389 2791 2437 ut
2822 2398 2896 2438 ea:
2922 2389 3220 2452 praecepto
3266 2399 3562 2440 canonum
3588 2387 3800 2454 praela-

2143 2475 2229 2524 tos
2258 2470 2373 2523 sibi
2403 2486 2422 2524 ε
2451 2471 2654 2540 figant,
2688 2486 2833 2541 quos
2864 2472 3077 2540 dignos
3106 2472 3384 2538 viderint,
3420 2474 3690 2529 restituit.

2170 2604 2173 2607 .
2212 2560 2332 2613 Rex
2364 2559 2426 2612 Hc
2451 2558 2672 2614 inricus
2701 2559 2947 2615 obviam
2989 2575 3162 2633 papae
3196 2561 3601 2635 Radisponam
3624 2561 3801 2619 venit-

2141 2651 2227 2701 set
2280 2661 2430 2719 papa
2497 2663 2621 2703 non
2652 2648 2944 2713 veniente,
2996 2649 3222 2705 ibidem
3268 2651 3529 2706 natalem
3569 2650 3801 2708 Domini

2137 2735 2497 2804 celebravit;
2549 2738 2777 2809 pascha
2805 2754 2944 2794 vero
2974 2739 3292 2807 Mogonciae
3334 2740 3688 2808 caalebravit,
3712 2739 3801 2795 in-

2140 2825 2337 2897 deque
2396 2826 2638 2881 owiam
2687 2842 2862 2899 papae
2906 2826 2966 2882 in
3013 2828 3275 2883 conﬁnio
3325 2829 3713 2900 Lotharingim
3743 2832 3804 2885 et

2141 2916 2400 2971 Franciae
2432 2933 2443 2981 ;
2477 2931 2583 2987 per
2626 2916 3014 2989 triduumque
3048 2917 3255 2985 legatis
3300 2918 3556 2974 invicem
3579 2918 3799 2989 missis,

2138 3003 2377 3069 infecto,
2412 3019 2521 3076 pro
2550 3020 2673 3077 quo
2703 3010 3009 3073 venerant,
3041 3022 3313 3077 negocio,
3362 3006 3801 3077 discesserunt;

2140 3097 2196 3147 et
2252 3108 2357 3147 rex
2408 3093 2590 3149 Mettis
2620 3093 2681 3148 in
2737 3099 3077 3166 pentecoste
3124 3096 3250 3151 fuit.
3304 3096 3443 3151 [nde
3477 3095 3805 3152 Saxoniam

2138 3181 2646 3249 veniens,invenit
2672 3183 2751 3238 ibi
2782 3184 2997 3240 ducem
3026 3185 3279 3240 Boemize
3311 3184 3503 3257 patria
3533 3185 3802 3258 pulsum,

2138 3287 2322 3343 quem
2374 3270 2580 3326 reduci
2632 3272 2810 3341 jussit
2877 3274 2938 3328 in
2996 3273 3284 3329 ducatum
3363 3289 3471 3347 per
3522 3274 3808 3331 comitem

2140 3360 2519 3416 Wicbertum.
2568 3361 2667 3415 His
2700 3361 2937 3433 diebus,
2990 3379 3128 3417 cum
3157 3379 3261 3418 rex
3311 3367 3464 3419 esset
3499 3364 3805 3432 Goslariae,

2142 3449 2447 3504 tonitrium
2505 3466 2643 3505 cum
2698 3449 2934 3519 fragore
2988 3466 3167 3522 super
3219 3467 3357 3506 eum
3406 3451 3810 3507 dormientem

2138 3537 2405 3607 veniens,
2466 3544 2639 3593 nocte
2691 3538 3012 3594 excitatum
3060 3539 3393 3610 perterruit,
3454 3539 3811 3612 fulmenque

2142 3631 2416 3681 secutum
2467 3627 2796 3682 umbonem
2846 3627 3017 3699 clipei
3045 3627 3119 3683 ad
3171 3631 3352 3700 caput
3384 3628 3572 3700 ipsius
3602 3628 3809 3700 positi,

2139 3720 2495 3787 patremque
2528 3715 2709 3785 gladii
2730 3716 2901 3786 juxta
2932 3716 3085 3770 latus
3124 3716 3251 3785 ejus
3284 3716 3530 3784 jacentis
3560 3716 3817 3788 liquefa-

2139 3803 2235 3870 cit,
2265 3803 2396 3875 ipso
2436 3804 2604 3858 illeso
2635 3810 3042 3876 permanente.
3094 3805 3312 3860 Deinde
3343 3805 3498 3860 circa
3524 3804 3816 3861 festivita-

2140 3897 2259 3947 tem
2311 3893 2585 3948 omnium
2638 3899 2985 3948 sanctorum
3030 3910 3169 3949 cum
3219 3894 3414 3949 excitu
3465 3893 3816 3949 Flandriam

2138 3982 2321 4055 petiit,
2359 3987 2416 4038 et
2444 3988 2622 4055 pacto
2670 4000 2809 4039 cum
2841 3983 3055 4039 comite
3101 3983 3258 4038 illius
3297 3983 3621 4056 provinciae
3648 3986 3818 4039 Rou-

2137 4077 2308 4145 perto
2336 4074 2715 4143 confirmato,
2735 4072 3094 4146 Aquisgrani
3124 4073 3510 4145 venit,ibique
3540 4072 3817 4129 natalem

2138 4162 2375 4217 Domini
2407 4162 2747 4218 celebravit.

2212 4254 2368 4317 1108,
2400 4251 2524 4307 ind.
2562 4257 2644 4307 15.
2677 4255 2795 4307 Rex
2820 4251 2893 4306 de
2926 4252 3186 4321 Ungaria
3213 4256 3420 4308 contra
3444 4251 3639 4321 legem
3663 4266 3820 4306 con-

2138 4340 2367 4411 spirare
2414 4340 2587 4412 cepit.
2646 4342 2818 4406 Quod
2877 4358 3013 4396 cum
3072 4342 3340 4397 audisset
3390 4358 3514 4413 rex,
3555 4340 3819 4397 collecto

2136 4430 2415 4501 exercitu,
2444 4430 2602 4485 circa
2646 4431 3021 4487 festivitatem
3071 4432 3258 4487 sancti
3285 4431 3619 4488 Michahelis
3644 4429 3819 4487 bello

2137 4544 2146 4571 ε
2196 4537 2275 4575 :m
2300 4520 2462 4594 petit.
2518 4521 2741 4576 Eodem
2788 4538 2949 4577 anno
2974 4538 3097 4593 rex,
3146 4521 3478 4578 Palatinum
3519 4521 3819 4577 comitem

2138 4608 2420 4665 Sifridum
2446 4610 2685 4665 retrusit
2712 4610 2771 4665 in
2799 4608 3153 4666 custodiam.

2212 4701 2369 4766 1109,
2398 4697 2521 4752 ind.
2558 4702 2605 4753 1.
2640 4700 2918 4769 Eclypsis
2947 4701 3090 4755 solis
3117 4701 3286 4769 facta
3317 4706 3400 4756 est
3426 4704 3459 4756 2
3490 4701 3815 4756 Kal.Jun.

2134 4788 2352 4843 Plures
2404 4789 2665 4857 fulmine
2712 4790 3050 4858 perierunt.
3109 4789 3419 4845 Heinricus
3478 4806 3582 4845 rex
3634 4792 3823 4845 nata-

2131 4875 2251 4931 lem
2299 4876 2532 4931 Domini
2589 4877 2897 4946 Mogoutiaa
2957 4877 3297 4949 celebravit,
3328 4884 3383 4934 et
3435 4883 3571 4951 post
3600 4882 3818 4953 pente-

2134 4969 2362 5019 costem
2394 4980 2599 5034 regem
2648 4966 2722 5021 de
2772 4967 3034 5023 Boulena
3072 4967 3211 5038 (411)
3267 4966 3422 5023 bello
3444 4966 3605 5038 petit,
3636 4983 3820 5022 eum-

2132 5069 2251 5128 que
2308 5054 2487 5109 nimis
2560 5059 2806 5111 coartat.
2888 5056 3113 5111 Eodem
3185 5072 3346 5112 anno
3412 5054 3826 5126 desponsavit

2131 5141 2323 5199 ﬁliam
2352 5144 2509 5214 regis
2556 5144 2631 5200 de
2680 5144 2931 5215 Anglica
2962 5150 3136 5202 terra.
3172 5143 3548 5201 Routhardus
3576 5144 3821 5200 archie-

2133 5231 2421 5309 piscopus
2449 5232 2595 5287 obiit
2623 5233 2791 5305 (412).

770 5383 1133 5439 ANNALIUM
1172 5381 1866 5439 HlLDESHEIMENSlUM
1906 5382 2389 5439 CONTINUATIO
2430 5384 3090 5439 PADERBORNENSIS.
3132 5386 3199 5438 Α.
3248 5381 3400 5438 1109.

435 5522 594 5574 1109.
627 5522 1127 5596 Archiepiscopus
1152 5524 1412 5583 Coloniae
1438 5523 1796 5592 Fridericus,
1824 5525 2025 5580 Bruno

361 5609 756 5678 Tmerensis,
788 5612 1176 5668 cancellarius
1229 5613 1603 5681 Adelbertus,
1637 5629 1841 5670 comes
1866 5613 2025 5668 Heri-

364 5709 628 5750 mannus
641 5695 715 5751 de
732 5697 1365 5777 Winceburch,alique
1381 5703 1681 5777 principes
1703 5702 1844 5758 satis
1861 5702 2022 5772 clari,

436 5816 585 5958 (410)
614 5820 657 5871 D
673 5820 1125 5899 jampbscisum
1152 5833 1256 5882 est.

458 5887 555 5942 411
614 5887 881 5946 Poloma.

458 5887 581 5946 411)
614 5887 881 5946 Polonia.

2135 5527 2392 5580 Romam
2417 5539 2557 5579 cum
2586 5539 2817 5596 pompa
2838 5538 2959 5579 non
2976 5538 3167 5594 parva
3197 5522 3602 5594 vadunt,inter
3630 5525 3819 5589 dom-

2131 5628 2281 5670 num
2308 5610 2704 5682 apostolicum
2735 5616 2793 5667 et
2820 5626 3021 5680 regem
3045 5611 3433 5668 concordiam
3451 5612 3816 5675 facturi.Do-

2134 5718 2251 5759 nus
2297 5699 2660 5774 apostolicus
2705 5701 2869 5756 omni
2896 5702 3271 5773 paternitate,
3323 5702 3488 5758 omni
3522 5719 3817 5759 mansue-

2206 5825 2349 5895 (412)
2381 5825 2541 5898 Hine
2568 5826 2695 5883 alia
2721 5841 2955 5893 manus,
2974 5828 3200 5897 eadem,
3225 5842 3360 5898 qua?
3381 5828 3811 5895 adnotationes

2140 5898 2344 5953 littera
2370 5896 2615 5969 obliqua
2644 5913 2954 5968 expressas
2981 5896 3309 5970 adjecerat.
