3968 6376
85 289 199 341 597

836 292 920 343 ΕΤ
958 290 1303 344 LAMBERTI
1345 287 1921 343 ASCHAFNABURG.
1966 287 2141 339 PARS
2180 288 2455 339 ALTERA
2501 287 2826 338 CENUINA.

3425 288 3527 337 5118

1086 416 1338 467 ANNAL.
1374 412 2036 467 llll.Dl‘lSll|‘llMEl\SliS.
2070 414 2134 461 Α.
2184 412 2550 462 1111)-1114.

84 499 302 555 tudine
333 516 473 555 eum
503 516 564 555 se
594 506 982 573 excepturum
1015 502 1287 572 spondet.
1342 502 1389 555 si
1420 502 1542 573 ipse
1595 518 1653 553 se
1695 503 1757 553 ut
1796 498 1842 549 Α
1875 498 2045 561 cedit,
2080 503 2131 551 et
2164 498 2243 550 sic
2276 500 2527 551 Romam
2562 496 2884 549 1101101111(ςο
2916 495 3105 549 redire
3150 496 3526 566 permittitur.

85 604 302 657 regem
334 589 717 653 catholicum,
771 594 833 643 ut
864 590 1141 644 1100105111)
1175 590 1359 643 tilium
1394 597 1449 644 et
1488 590 1761 643 defenso-

85 694 245 744 rem,
282 682 346 732 ut
370 679 623 748 justiciae
657 685 1011 745 amatorem,
1048 684 1269 734 sancite.
1322 684 1601 735 Romanze
1638 677 1763 731 sedi

89 769 428 824 exhiberet.

171 863 334 921 1110,
368 858 493 913 ind.
523 864 576 913 2.
613 862 761 913 Non.
798 859 980 913 Martii
1013 860 1280 929 synodus
1306 860 1562 923 gloriosa
1588 860 1645 911 in
1667 862 1766 911 La-

94 947 398 1002 teranensi
445 948 732 1009 mcclesia,
788 948 1142 1018 przesidcnte
1175 949 1401 1001 domno
1450 964 1607 1019 papa
1656 951 1763 1000 1³11-

94 1037 287 1092 schali
344 1037 698 1093 celebratur.
732 1039 997 1092 Praedicti
1032 1039 1206 1103 legati
1239 1039 1520 1091 Leodium
1554 1039 1625 1091 ad
1674 1054 1764 1090 re-

97 1142 236 1193 gem
266 1127 533 1197 veniunt,
568 1144 926 1198 responsum
956 1144 1127 1198 papa»
1179 1130 1512 1180 referentes.
1552 1127 1631 1180 lbi
1666 1144 1766 1181 rex

92 1215 328 1283 Anglici
381 1216 537 1283 regis
585 1215 771 1270 tiliam
816 1232 1105 1287 sponsam
1155 1217 1431 1285 suscepit.
1488 1232 1670 1286 quam
1707 1216 1761 1269 in

90 1305 332 1376 pascha
366 1304 529 1376 apud
553 1305 886 1374 Trajectum
919 1306 1080 1371 regio
1114 1322 1277 1359 more.
1310 1306 1552 1359 dotavit.
1580 1309 1763 1376 Expe-

90 1393 244 1453 ditio
275 1394 336 1448 in
371 1394 595 1449 Italiam
628 1395 705 1449 ab
738 1395 1027 1448 universis
1045 1395 1366 1449 occidentis
1396 1396 1764 1465 principibus

90 1478 350 1547 Trajecti
378 1478 773 1533 collaudatur.
792 1480 957 1533 Circa
1054 1484 1176 1533 Non
1202 1483 1357 1537 Jnn..
1377 1480 1539 1532 stella
1563 1480 1763 1533 adulta

84 1568 221 1635 jam
241 1574 413 1622 nocte
439 1568 737 1638 apparuit,
754 1569 953 1622 radios
973 1569 1305 1622 admodum
1326 1569 1532 1637 longos
1557 1586 1762 1621 vet-sus

92 1662 368 1711 austrum
400 1657 473 1711 de
518 1674 577 1711 se
608 1658 943 1711 clt'undens.
984 1659 1247 1729 Eelvpsis
1298 1658 1451 1710 lume
1488 1659 1633 1711 t'aeta
1680 1663 1765 1711 est

91 1750 126 1799 2
188 1749 340 1800 Non.
399 1746 507 1801 Mai
562 1746 732 1816 (413).
800 1747 954 1801 Slavi
1014 1748 1319 1811 regionem
1375 1746 1759 1800 Albiaimrum

92 1834 463 1905 irrumprnt,
520 1834 841 1906 multisque
876 1836 1089 1889 occisis
1139 1840 1193 1889 et
1241 1836 1431 1905 captis
1494 1837 1759 1890 redeunt.

93 1924 239 1978 Inde
292 1924 417 1979 dux
466 1924 775 1991 Liutgerus
822 1925 1117 1995 permotui
1170 1930 1381 1978 terram
1446 1925 1759 1979 Stavorum

90 2013 388 2068 hostiliter
416 2013 663 2073 invadit,
698 2014 1002 2079 regionem
1036 2014 1487 2085 prredalumdns
1522 2032 1757 2085 peram-

90 2101 285 2171 bulat,
320 2118 539 2156 novem
572 2102 751 2156 urbes
780 2102 1128 2156 munitiores
1156 2108 1210 2156 et
1237 2103 1637 2172 opulentiores
1661 2120 1757 2156 ca—

92 2192 196 2260 pit,
222 2190 662 2262 obsidibusque
676 2191 752 2245 ab
774 2191 918 2261 ipsis
941 2192 1197 2262 acceptis
1216 2191 1397 2244 vietor
1420 2192 1760 2246 ιιι-(11111100

91 2279 574 2351 assumptionem
625 2283 843 2335 sanctae
896 2281 1083 2334 Mariu-
1118 2298 1215 2335 rex
1262 2281 1422 2345 regio
1464 2288 1760 2350 apparatu

90 2369 329 2423 Italiam
359 2368 709 2437 ingreditur.
731 2371 948 2424 Omnes
973 2370 1233 2423 civitates
1266 2370 1525 2429 munitte,
1557 2372 1761 2425 omnia

94 2458 340 2512 castella
366 2458 492 2525 regi
526 2458 888 2511 subduntur.

168 2551 329 2610 1111,
364 2546 487 2600 ind.
519 2551 569 2601 3.
620 2550 738 2601 Rex
768 2546 1029 2600 natalem
1064 2548 1297 2601 Domini
1329 2547 1488 2618 apud
1526 2548 1755 2602 Floren-

92 2634 237 2687 tiam
264 2633 543 2688 celebrat.
578 2636 706 2698 Quo
728 2640 991 2704 peracto,
1016 2638 1046 2686 2
1080 2635 1212 2687 Idus
1248 2635 1543 2689 Februarii
1580 2639 1759 2689 Rome

91 2721 170 2775 ab
200 2722 537 2791 apostolico
566 2722 889 2775 honoriﬁce
924 2723 1229 2793 excipitur.
1261 2723 1415 2776 Datis
1445 2729 1643 2777 autem
1680 2729 1762 2777 ut-

90 2809 331 2880 rimque
350 2809 684 2875 obsidibus,
706 2810 765 2864 in
784 2810 1047 2864 aecclesia
1069 2810 1229 2864 beati
1263 2812 1405 2864 Petri
1427 2812 1755 2871 consident.

92 2914 277 2969 super
307 2899 575 2965 negociis
621 2898 1055 2953 aacclesiasticis
1090 2900 1412 2953 tractaturi.
1450 2903 1601 2953 Dum
1634 2902 1759 2954 lltPC

91 2991 381 3054 aguntur,
406 2986 660 3041 factione
678 2986 1063 3057 quorundam
1090 2987 1375 3041 tumultus
1398 2988 1457 3040 in
1480 2988 1759 3041 tecclesize

92 3074 386 3141 gradibus
426 3074 633 3129 oritur.
684 3075 1077 3129 Vulnerantur
1106 3074 1329 3145 plures,
1363 3076 1612 3145 quidam
1645 3082 1759 3129 tru-

91 3163 392 3217 cidantur.
411 3165 539 3227 Quo
562 3162 787 3231 audito,
803 3179 837 3217 a
858 3180 993 3231 rege
1020 3164 1334 3217 concilium
1356 3164 1756 3232 disturbatur;

93 3252 471 3323 apostolicus
502 3269 643 3307 cum
683 3252 1094 3307 cardinalibus
1120 3253 1295 3321 regiae
1347 3255 1630 3307 custodize
1655 3254 1758 3309 dc-

90 3346 360 3412 putatur.
426 3340 677 3395 Romani
741 3344 904 3396 trans
961 3346 1204 3411 pontem
1266 3341 1418 3395 ultra
1485 3341 1759 3411 Tyberim

90 3429 437 3499 diffugiunt.
474 3430 695 3483 Eadem
726 3434 899 3484 nocte
940 3434 1061 3483 tota
1113 3430 1318 3483 civitas
1350 3431 1759 3485 Lateranensis

89 3518 360 3573 tumultu
419 3517 632 3573 bellico
693 3518 1041 3573 concutitur.
1101 3521 1238 3573 Orto
1298 3535 1495 3587 mane,
1552 3520 1758 3574 erectis

91 3608 304 3677 signis,
338 3606 752 3662 Laterancnsis
801 3607 1160 3661 unanimiter
1188 3623 1389 3671 regem
1418 3624 1488 3661 ex
1533 3608 1757 3679 impro-

90 3698 221 3751 viso
268 3695 585 3751 invadunt.
630 3695 989 3751 Cubicularii
1039 3712 1180 3749 vero
1233 3696 1386 3761 regis
1417 3712 1589 3751 arma
1652 3713 1759 3751 101-

86 3785 337 3855 ripinnt,
385 3783 745 3838 multitudini
803 3784 1045 3837 viriliter
1088 3783 1384 3837 resistunt.
1449 3787 1565 3838 Rex
1617 3801 1757 3839 vero

86 3878 141 3927 et
168 3874 333 3928 acies
361 3873 614 3943 suajam
642 3874 1069 3943 adaucta,quee
1098 3872 1263 3943 prius
1283 3889 1435 3938 rara,
1456 3874 1758 3929 venientes

86 3963 379 4016 audacter
417 3960 665 4029 invadit,
722 3967 1104 4016 occursantes
1150 3961 1368 4015 multos
1418 3963 1754 4029 obtruncat,

86 4057 323 4105 ceteros
358 4050 546 4115 fulgat
575 4068 587 4117 ;
622 4050 919 4121 plenaque
948 4050 1193 4104 victoria
1223 4051 1467 4121 potitus.
1495 4052 1757 4106 adducto

90 4155 299 4193 secum
336 4138 666 4209 apostolico
693 4155 833 4192 cum
865 4137 1291 4201 cardinalibus,
1312 4156 1517 4192 versus
1544 4140 1756 4195 Albam

90 4228 395 4282 Civitatem
430 4226 613 4281 tendit
648 4245 660 4293 ;
715 4227 1000 4282 castrain
1044 4228 1277 4297 campis
1310 4227 1441 4281 urbi
1475 4229 1756 4297 adjacen-

90 4318 252 4371 tibus
285 4316 551 4384 tigit,ubi
583 4332 689 4386 per
710 4320 893 4371 totam
912 4316 1445 4387 quadragesimam
1470 4324 1753 4373 moratur.

90 4405 188 4458 His
220 4405 303 4459 ita
352 4404 554 4473 gestis,
588 4404 743 4471 regis
774 4404 1090 4475 optimates
1127 4404 1378 4475 quidam
1426 4407 1757 4461 communi-

88 4499 223 4549 cato
257 4494 527 4558 consilio,
563 4510 810 4565 papam,
840 4494 943 4565 qui
975 4494 1171 4549 adhuc
1200 4494 1257 4547 in
1291 4496 1565 4551 custodia
1594 4498 1757 4563 regia

85 4582 491 4650 detinebatur,
524 4582 766 4647 adeunt,
786 4586 1053 4645 monent,
1084 4588 1278 4645 orant,
1302 4588 1367 4637 ut
1396 4600 1575 4654 super
1600 4586 1754 4654 regis

83 4671 341 4740 negocio
382 4671 583 4725 mitius
629 4674 786 4740 agat,
836 4671 1087 4740 injuriae,
1142 4688 1184 4725 St
1225 4688 1412 4742 quam
1463 4672 1750 4727 adversus

83 4776 292 4830 regem
322 4760 547 4815 habeat
574 4760 977 4825 obliviscatur,
1010 4761 1179 4815 fedus
1206 4777 1344 4815 cum
1375 4777 1511 4829 rege
1541 4761 1704 4817 ineat
1736 4782 1747 4829 ;

84 4850 241 4920 regis
274 4849 385 4905 sibi
416 4849 763 4905 ﬁdelitatem
789 4854 849 4905 et
877 4849 1307 4905 oboedientiam
1356 4856 1702 4921 proponunt
1735 4870 1747 4915 ;

84 4938 443 4994 omnimodo
475 4938 810 5005 sollicitant,
842 4943 905 4992 ut
932 4954 1067 5010 quae
1098 4938 1263 5009 pacis
1310 4942 1367 4993 et
1415 4939 1747 4993 concordiw

84 5032 245 5095 sunt,
281 5044 421 5081 cum
466 5027 831 5098 primoribus
875 5028 1042 5096 regni
1086 5027 1405 5097 disponere
1448 5027 1745 5093 dignetur.

80 5118 201 5170 Rex
236 5117 369 5186 ipse
400 5115 656 5186 pedibus
686 5116 815 5185 ejus
846 5115 1145 5170 humiliter
1172 5115 1479 5186 profusus,
1511 5116 1749 5170 veniam

81 5204 368 5275 postulat,
413 5203 842 5259 oboedientiam
893 5204 1167 5275 spondet,
1201 5203 1537 5258 dummodo
1586 5203 1637 5257 ei
1688 5203 1749 5259 in

80 5294 247 5363 regia
275 5296 566 5365 potestate
599 5294 733 5364 jure
766 5298 1213 5348 antecessorum
1245 5309 1495 5347 suorum
1544 5293 1747 5347 catho—

80 5382 337 5438 licorum
364 5398 577 5451 regum
606 5382 692 5437 uti
738 5382 1047 5437 concedat.
1103 5382 1313 5453 Sicque
1347 5382 1547 5453 sepius
1582 5382 1750 5437 dom-

81 5488 231 5527 uum
262 5488 515 5543 papam,
546 5476 612 5526 ut
639 5472 823 5526 animi
856 5471 1113 5538 rigorem
1139 5472 1570 5543 aliquantisper
1609 5476 1751 5525 tem-

82 5564 342 5632 peraret,
389 5560 786 5631 attemptavit.
841 5560 1106 5615 Tandem
1172 5576 1333 5632 papa
1382 5560 1636 5615 vincitur
1696 5564 1753 5615 et

153 5740 303 5812 (413)
337 5739 449 5796 Mai
478 5740 716 5810 reliqua
747 5739 996 5795 abscisa.
1052 5738 1183 5795 Maii
1211 5740 1538 5797 Annalista
1566 5739 1745 5797 Saxo.

1878 588 2054 651 Igitur
2097 605 2231 639 cum
2290 587 2697 640 cardinalilms
2744 586 3069 655 ceterisque
3130 585 3400 655 personis
3452 587 3529 640 ad

1878 676 1986 729 tale
2030 677 2343 738 neget-ium
2396 676 2592 741 dignis
2625 674 2698 727 de
2730 673 3174 727 consecratione
3206 674 3361 739 regis
3418 680 3531 729 tra-

1875 769 2009 817 ctat.
2044 766 2267 818 Statuta
2296 771 2493 817 autem
2524 764 2639 827 die,
2675 762 2891 815 scilicet
2922 762 3054 814 ldus
3086 762 3301 832 Aprilis
3325 762 3381 815 in
3416 780 3528 816 aec-

1874 853 2051 906 clesia
2090 853 2247 906 beati
2286 853 2431 907 l’etri
2478 869 2676 919 regem
2725 852 3147 921 imperatorem
3197 856 3524 906 consecrat.

1876 948 2142 1013 tinuupie
2168 959 2358 1012 usque
2392 943 2465 996 ad
2500 941 3071 995 communicamlum
3106 940 3301 994 111155εο
3322 940 3531 995 5010111-

1874 1032 2068 1103 pultas
2100 1038 2253 1085 esset
2280 1033 2597 1091 celebrata,
2628 1030 2989 1102 apostolicus
3017 1030 3157 1083 dato
3186 1030 3416 1083 silentio
3438 1046 3529 1083 re-

1876 1137 2008 1183 gem
2040 1121 2118 1173 sic
2144 1121 2496 1190 alloquitur:
2526 1122 2651 1172 llm-
2679 1136 2891 1187 eor/ms
2922 1121 3159 1173 Domini
3183 1121 3372 1171 nostri
3391 1121 3531 1172 Jcsu

1878 1211 2122 1273 Christi,
2144 1219 2345 1263 nulum
2364 1228 2437 1275 [πῖ
2466 1212 2659 1263 ,υιινίίι
2682 1211 2930 1275 virgine.
2946 1225 3181 1276 passum
3205 1224 3316 1275 pro
3340 1210 3533 1263 salute

1873 1301 2105 1367 generis
2141 1299 2408 1363 lum/ani,
2442 1300 2513 1353 sit
2538 1300 2910 1364 mni/inmitto
2946 1314 3095 1351 verm
3122 1299 3287 1365 pacis
3316 1305 3365 1351 et
3399 1314 3532 1351 con-

1876 1390 2092 1441 cordia!
2126 1390 2281 1441 inter
2310 1405 2401 1443 me
2431 1396 2480 1441 cl
2509 1394 2579 1441 te.
2612 1390 2670 1440 lit
2699 1386 3231 1451 communicantes,
3275 1386 3528 1439 invicem

1874 1477 2121 1530 osculati
2157 1482 2311 1529 sunt.
2348 1480 2478 1530 Post
2512 1478 2633 1529 inec
2668 1476 2990 1546 imperator
3022 1474 3417 1545 apestolieuui
3440 1491 3530 1528 re-

1876 1566 1982 1634 giis
2011 1566 2360 1618 nmneribus
2393 1566 2598 1627 donat,
2618 1581 2647 1617 a
2674 1580 2793 1635 quo
2820 1569 3104 1634 tanquam
3130 1563 3283 1617 lilius
3312 1579 3345 1617 a
3364 1568 3531 1633 patre

1876 1654 2163 1707 salutatus
2196 1654 2525 1707 dimittitur.
2575 1657 2950 1706 l’entceosttm
3004 1655 3222 1705 Verene
3250 1651 3527 1706 celebrat.

1874 1749 1901 1759 .-

1886 1749 1901 1795 ῑ
1970 1742 2046 1795 Id.
2100 1743 2343 1803 Augusti
2400 1758 2533 1795 eum
2584 1741 3059 1811 frequentissimo
3106 1740 3531 1811 episcoporum

1806 1831 2249 1901 Baliorumque
2310 1830 2649 1900 principum
2708 1834 3004 1883 conventu
3062 1833 3291 1899 patrem
3354 1845 3530 1882 suum

1872 1920 2034 1987 regio
2070 1936 2231 1972 more
2271 1920 2434 1989 Spire
2468 1918 2692 1988 sepelit.

1944 2028 2003 2079 In
2038 2027 2451 2096 assumptione
2486 2031 2704 2078 sancte
2738 2024 2926 2079 Mill‘ltP
2960 2023 3122 2093 apud
3172 2025 3529 2087 Mogontiam

1870 2116 2244 2181 Adelbertus,
2279 2115 2547 2167 omnium
2585 2113 3073 2167 caneellariorum
3101 2112 3204 2183 qui
3235 2119 3369 2167 ante
3393 2129 3531 2166 eum

1872 2207 2103 2259 fuerant
2138 2205 2191 2257 in
2224 2204 2360 2257 aula
2396 2204 2545 2271 regis
2570 2202 3012 2267 celeberrimus,
3038 2207 3327 2271 praesente
3349 2202 3531 2272 impc-

1872 2300 2063 2347 ratore
2096 2298 2149 2347 ct
2183 2293 2607 2346 consentiente.
2636 2291 2903 2344 unanimi
2938 2290 3217 2344 zecclesiai
3249 2290 3531 2345 electione

1871 2382 2287 2447 ltlongontinus
2314 2381 2801 2451 archiepiscopus
2823 2380 3216 2433 constituitur.
3235 2379 3532 2433 Palatinus

1871 2489 2073 2525 comes
2104 2471 2351 2525 Sili-idus
2385 2470 2632 2533 solutus,
2664 2469 2875 2522 honori
2908 2485 3016 2522 suo
3044 2468 3384 2522 restituitur.

1950 2582 2099 2631 1112.
2134 2577 2461 2647 Imperator
2496 2574 2753 2628 natalem
2812 2573 3039 2628 Domini
3074 2573 3353 2627 Goslarite
3388 2573 3532 2627 cele-

1870 2667 2021 2721 brat.
2078 2664 2377 2719 Dissensio
2432 2664 2681 2729 Liutgeri
2728 2668 2783 2716 et
2832 2662 3196 2716 marchionis
3254 2661 3528 2715 Roudolti

1871 2772 2007 2809 cum
2040 2754 2419 2824 imperatore.
2467 2752 2629 2805 [Inde
2664 2750 3023 2822 principium
3075 2750 3364 2804 sententia
3392 2749 3530 2804 utri-

1870 2860 1985 2916 que
2040 2844 2467 2913 dampnantur.
2527 2843 2784 2893 Ducatus
2831 2840 3021 2893 Ottoni
3069 2839 3141 2892 de
3194 2838 3527 2893 ltallenstad

1871 2931 2277 2995 committitur,
2313 2929 2581 2983 marehia
2628 2928 2908 2999 Elperico.
2946 2933 3272 2999 Imperator
3306 2927 3529 2982 811111γί-

1872 3024 1999 3077 delc
2030 3020 2284 3085 obsidet,
2327 3019 2437 3091 ipsi
2471 3034 2591 3072 non
2622 3017 2819 3083 longe,
2867 3035 3003 3071 cum
3034 3018 3390 3088 imperatore
3423 3033 3531 3088 pu-

1874 3111 2129 3181 gnaturi,
2165 3126 2301 3162 eum
2336 3108 2595 3161 exercitu
2628 3106 3019 3161 manent.Sed
3053 3106 3263 3160 bellica
3290 3106 3531 3161 tandem

1814 3198 1839 3249 .1
1872 3201 2034 3255 rabie
2067 3198 2377 3265 dissipata,
2424 3195 2686 3268 praedicti
2727 3195 3026 3267 principes
3057 3195 3245 3264 gratia
3277 3195 3528 3267 impera-

1872 3292 2012 3345 toris
2074 3293 2340 3343 utuntur.
2402 3286 2752 3340 Adelbertus
2819 3285 3253 3353 Mogonciensis
3312 3284 3531 3339 electus

1870 3376 2047 3441 regite
2077 3374 2363 3429 custodiat
2391 3373 2788 3443 mancipatur.

1946 3494 2099 3543 1113.
2132 3488 2529 3559 Reynhardus
2562 3487 2880 3558 episcopus
2913 3486 3442 3555 Halberstadcnsis,
3477 3491 3533 3542 et

1871 3578 2220 3645 Wicbertus,
2241 3576 2604 3631 inﬁdelitatis
2629 3576 2793 3645 apud
2819 3575 3241 3645 imperatorem
3264 3576 3529 3630 secundo

1869 3669 2249 3723 denotautur.
2306 3669 2631 3735 Imperator
2661 3664 2907 3719 absente
2950 3664 3236 3735 episcopo
3285 3663 3527 3717 Halver-

1870 3756 2001 3813 stad
2032 3756 2193 3809 venit
2228 3773 2239 3821 ;
2285 3754 2675 3808 Horneburch
2709 3752 2961 3807 obsidet.
3013 3753 3338 3824 Episcopus
3385 3768 3528 3807 vero

1870 3851 1926 3901 et
1958 3845 2256 3901 Palatinus
2297 3860 2499 3897 comes
2546 3842 2813 3908 Sifridus,
2850 3843 3172 3897 \Vicbertus
3219 3848 3275 3897 01
3324 3859 3526 3897 comes

1872 3934 2265 4001 Lothmvicus,
2324 3949 2462 3987 cum
2516 3932 2876 4003 imperatore
2934 3932 3257 4003 pugnaturi
3323 3932 3529 3986 castris

1867 4025 2015 4079 haut
2041 4023 2217 4091 longe
2248 4023 2379 4075 ﬁxis
2414 4026 2677 4087 manent;
2713 4026 2796 4076 set
2829 4022 3127 4076 deditione
3155 4022 3316 4075 urbis
3348 4021 3527 4091 facta,

1868 4114 2101 4186 ipsique
2159 4113 2445 4185 episcopo
2499 4111 2593 4166 die
2649 4116 2888 4180 statuta,
2942 4116 3005 4166 ut
3060 4128 3142 4179 se,
3201 4112 3247 4166 si
3303 4116 3526 4183 posset,

1868 4204 1941 4259 de
1990 4203 2238 4273 objectis
2285 4206 2613 4266 excusaret,
2670 4201 2915 4256 bellicus
2964 4201 3058 4255 ille
3118 4200 3405 4255 tumultus
3437 4217 3528 4254 so-

1867 4294 2026 4349 lutus
2075 4298 2180 4347 est.
2221 4296 2546 4362 Imperator
2590 4308 2731 4346 vero
2773 4308 2984 4345 versus
3018 4292 3285 4345 Rhenum
3340 4288 3521 4343 vadit.

1869 4386 2021 4437 Dum
2064 4384 2192 4436 lucc
2233 4385 2514 4449 aguntur,
2542 4380 2867 4435 Wicbertus
2924 4380 3002 4433 ab
3030 4379 3237 4433 amicis
3266 4378 3523 4448 impera-

1868 4472 2010 4527 toris
2041 4471 2290 4540 capitur.
2342 4468 2589 4523 Sifridus
2634 4469 2933 4523 Palatinus
2982 4484 3183 4522 comes
3215 4466 3520 4521 occiditur.

1795 4543 1838 4594 D
1866 4561 2007 4620 Qure
2034 4576 2128 4614 res
2160 4558 2503 4629 imperatori
2535 4572 2655 4611 non
2688 4557 2992 4611 modicam
3018 4556 3290 4610 laetioiam
3313 4560 3521 4609 contu-

1864 4649 1947 4704 lit.
1967 4652 2291 4721 lmperator
2316 4645 2643 4700 Wormacie
2676 4646 2902 4715 pascha
2934 4644 3210 4699 celebrat.
3228 4647 3306 4698 Eo
3329 4643 3520 4698 addu-

1862 4738 2010 4793 citur
2058 4737 2377 4810 episc0pus
2426 4734 2836 4803 Mogontinus;
2879 4733 3131 4788 Triveles
3179 4733 3523 4804 imperatori

1860 4826 2156 4894 redditur;
2189 4825 2390 4880 denuo
2412 4823 2697 4879 custodiae
2730 4824 3124 4893 mancipatur.
3145 4823 3522 4894 Postpascha

1862 4912 2189 4984 imperator
2217 4912 2548 4967 Goslariam
2582 4912 2956 4980 regreditur;
2983 4910 3377 4980 Reynhardus
3401 4912 3521 4983 epi-

1859 5019 2077 5074 scopus
2106 5004 2445 5057 interventu
2475 5002 2815 5072 principum
2849 5000 3103 5068 gratiam
3141 5000 3519 5072 imperatoris

1860 5093 2086 5147 obtinet
2118 5111 2129 5157 ;
2163 5091 2551 5146 Horneburch
2583 5094 3017 5145 concrematur.

1935 5212 2089 5262 1114.
2120 5210 2448 5278 Imperator
2476 5205 2736 5260 natalem
2771 5204 3004 5259 Domini
3051 5205 3397 5275 Bavenberg
3424 5224 3517 5262 ce-

1858 5296 2068 5351 lebrat.
2104 5296 2297 5351 Altera
2327 5296 2422 5350 die
2446 5298 2582 5367 post
2608 5294 2997 5366 epiphaniam
3040 5293 3297 5349 collectis
3338 5298 3516 5352 totius

1859 5385 2026 5453 regni
2056 5384 2446 5457 principibus,
2480 5382 2720 5454 nuptias
2752 5382 2886 5437 tiliae
2918 5383 3072 5453 regis
3104 5384 3329 5453 Anglici
3380 5402 3518 5443 cum

1860 5474 2081 5540 ingenti
2115 5473 2301 5541 gloria
2333 5478 2733 5539 consummat,
2764 5473 2972 5545 quales
3004 5479 3140 5530 ante
3168 5491 3307 5530 eum
3338 5492 3518 5532 nemo

1859 5578 2060 5616 rerum
2080 5561 2261 5629 longo
2278 5576 2350 5615 ex
2378 5564 2643 5633 tempore
2676 5561 2992 5634 disposuit.
3010 5563 3094 5619 Ibi
3118 5563 3515 5633 Lothowicus,
