3968 6436
413 366 516 417 599

1328 356 1586 411 ANNAL.
1629 349 2072 409 BILDESHEIM.
2115 349 2226 416 ΟΠ]
2273 353 2513 422 DLINB.,
2553 351 2935 409 WEISSEMB.

3731 348 3839 401 600

1412 480 1666 534 ΑΝΝΑῐι.
1710 474 2216 532 BILDESHEIMEN
2273 477 2369 534 ES.
2412 482 2477 533 Α.
2525 479 2844 533 1115-1121.

402 573 507 647 qui
534 588 597 628 se
650 569 902 644 putabat
947 568 1099 624 bene
1142 567 1202 623 in
1246 566 1437 635 gratia
1473 565 1853 639 imperatoris
1912 581 2062 634 esse,
2104 568 2149 619 Α
2182 581 2230 620 m
2273 570 2368 622 ιῐιι.
2404 565 2643 639 Repleto
2669 569 2870 621 autem
2900 564 3032 635 ipso
3074 563 3283 634 hyatu,
3314 561 3450 618 licet
3478 564 3615 634 post
3650 559 3843 616 multa

400 663 575 733 jussu
605 661 738 730 ejus
770 656 1300 729 comprehenditur
1335 661 1392 710 ct
1430 655 1716 710 custodia
1766 654 2074 725 mancipa-

405 756 518 806 tur.
554 752 692 814 Quae
720 764 813 801 res
845 744 1067 799 multos
1102 745 1443 816 principum
1476 750 1687 800 contra
1708 758 1910 811 regem
1941 757 2077 796 exn--

407 837 544 894 cuit.
582 836 707 891 Udo
741 832 1267 889 tlildesheimensis
1299 833 1624 905 episcopus
1654 831 1820 887 obiit.

480 928 638 981 1113.
696 925 1024 993 Imperator
1072 920 1337 976 natalem
1392 919 1625 975 Domini
1666 918 1951 975 Goslaria
1985 933 2075 973 ce-

408 1012 602 1069 lebrat
670 1009 813 1066 Duci
872 1008 1168 1079 Liutgero,
1238 1008 1525 1081 episcopo
1573 1003 2077 1069 Halverstadensi,

407 1100 678 1158 Palatino
705 1097 907 1154 comiti
938 1096 1275 1164 Fritherico,
1310 1095 1647 1152 marchioni
1674 1092 1991 1160 Roudolfo,
2017 1094 2083 1148 ut

415 1190 594 1247 curia
626 1188 766 1245 huic
794 1186 1085 1254 intersint,
1120 1186 1314 1242 edicit.
1350 1189 1478 1241 Non
1506 1184 1755 1241 veniunt
1783 1200 1796 1239 :
1845 1182 1907 1238 in
1937 1198 2085 1255 pra-

416 1278 569 1334 sidio
615 1276 853 1333 interim
905 1274 1170 1331 Walbike
1220 1278 1692 1330 commorantur.
1756 1274 2085 1344 Imperator

421 1366 801 1423 Bruneswich
828 1369 1106 1435 occupat,
1135 1362 1487 1419 Halverstad
1517 1361 1813 1418 devastat.
1849 1359 2088 1429 Orlage-

423 1456 694 1512 munden
722 1454 800 1509 ab
831 1452 1040 1509 amicis
1071 1453 1199 1523 ejus
1224 1451 1538 1507 obsidione
1568 1450 1844 1523 vallatur.
1870 1451 2089 1504 Contra

420 1560 577 1618 quos
623 1544 745 1599 dux
782 1542 1091 1612 Liutgerus
1122 1546 1179 1597 et
1233 1540 1533 1614 principes
1561 1537 1849 1613 pradicti,
1876 1537 2090 1608 adjun-

423 1632 530 1689 ctis
592 1630 705 1686 sibi
763 1630 1079 1686 Fritherico
1137 1628 1352 1684 comite
1409 1626 1740 1693 Westfalia,
1796 1623 2089 1696 Heynrico

425 1721 607 1777 fratre
654 1735 786 1789 suo,
843 1717 1155 1773 IIcinricho
1205 1717 1279 1771 de
1336 1716 1695 1783 Lindburch,
1729 1714 2090 1770 Herimanno

426 1810 501 1866 de
534 1808 846 1877 Cavelage,
881 1807 1153 1863 tendunt.
1204 1810 1532 1877 Imperator
1569 1819 1711 1859 vero
1754 1803 1838 1858 eis
1867 1802 1929 1858 in
1957 1801 2092 1857 loco

2185 656 2229 711 h
2273 672 2471 710 rarum
2502 656 2727 727 spacia,
2766 653 2937 709 solito
2980 652 3209 708 ﬂuebat
3235 651 3432 724 lapsu.
3467 649 3670 705 Abbas
3710 652 3845 705 Cor-

2186 744 2232 798 b.
2273 744 2443 800 iensis
2476 742 2912 799 Erkembaldus
2962 741 3288 815 pluresque
3318 739 3392 793 de
3426 738 3686 795 Saxonia
3723 737 3845 791 Ihe-

2185 849 2234 887 l‘t
2273 831 2557 903 solymam
2588 831 2837 886 vadunt.
2895 829 3101 885 Paucis
3134 833 3270 884 ante
3320 826 3583 883 natalem
3611 824 3846 881 Domini

2187 921 2236 976 (il
2273 921 2400 976 :bus
2422 920 2642 976 calum
2673 923 2809 992 post
2832 918 2972 974 solis
2989 933 3273 973 occasum
3303 916 3479 984 igneo
3506 913 3701 970 colore
3731 914 3849 968 late

2188 1026 2238 1066 re
2273 1009 2574 1083 splenduit,
2607 1024 2716 1064 nec
2755 1008 2932 1077 longe
2958 1012 3094 1080 post
3121 1006 3296 1079 quasi
3325 1004 3531 1061 radius
3560 1003 3701 1059 solis
3732 1002 3852 1059 late

2190 1117 2238 1155 e1
2273 1099 2452 1169 licuit,
2483 1098 2628 1155 luna
2674 1114 2917 1171 quoque
2972 1095 3303 1170 prodigiale
3346 1093 3714 1151 intuentibus
3770 1091 3855 1146 si-

2193 1204 2240 1258 gi
2279 1205 2383 1244 um
2409 1186 2611 1243 edidit.

2273 1281 2424 1332 1118.
2453 1279 2723 1332 Domnus
2751 1292 2914 1349 papa
2936 1274 3236 1332 Paschalis
3270 1274 3510 1331 feliciter
3540 1273 3616 1331 ad
3651 1272 3857 1329 Domi-

2193 1382 2244 1422 ni
2273 1382 2341 1421 .m
2372 1365 2671 1435 migravit.
2708 1366 3028 1421 Successor
3045 1365 3097 1420 ei
3114 1364 3350 1431 eligitur
3379 1361 3859 1434 Joannes,ipsius

2196 1473 2246 1512 a1
2281 1460 2371 1511 tea
2429 1454 2839 1525 cancellarius,
2900 1454 3003 1527 qui
3062 1459 3117 1509 et
3177 1453 3445 1508 Gelasius
3498 1452 3691 1507 dictus
3742 1454 3861 1506 est.

2196 1546 2246 1600 Ir
2273 1548 2526 1619 iperator
2550 1559 2693 1600 vero
2724 1543 2910 1599 alium
2951 1547 3250 1614 surrogat,
3280 1544 3676 1599 Bacarensem
3708 1540 3863 1611 (417)

2199 1652 2248 1691 S(
2273 1634 2416 1690 ilicet
2454 1633 2831 1707 episcopum,
2860 1649 3042 1706 quem
3091 1632 3440 1702 Gregorium
3473 1631 3864 1687 vocaverunt.

2200 1726 2244 1790 Ο
2273 1739 2329 1779 ιο
2371 1721 2550 1790 facto,
2606 1722 2909 1777 Iohannes
2977 1721 3197 1776 electus
3254 1719 3621 1793 apostolicus
3681 1721 3870 1773 Bene-

2201 1816 2447 1867 vcntum
2496 1810 2759 1866 secedit:
2820 1810 3243 1882 imperatorem
3297 1824 3433 1864 cum
3484 1807 3669 1879 ydolo
3728 1821 3867 1872 suo,

427 1898 534 1973 qui
588 1897 821 1953 dicitur.
882 1894 1246 1968 Welpesholt
1279 1896 1420 1965 (ili)
1468 1893 1744 1962 occurrit,
1808 1892 2012 1965 ibique
2060 1895 2091 1947 3
2135 1967 2172 1973 _
2202 1934 2252 1944 ..
2317 1900 2432 1956 hoc
2489 1899 2650 1955 enim
2685 1898 2948 1963 nomine,
3000 1913 3183 1969 quem
3240 1897 3366 1969 ipse
3421 1895 3724 1951 substituit
3761 1910 3873 1949 vo-

429 1988 570 2045 ldus
611 1985 913 2043 Februarii
939 1985 1155 2039 acriter
1185 2000 1323 2040 cum
1378 2000 1449 2039 eo
1498 1982 1987 2052 congrediuntur,
2042 1984 2100 2036 et
2135 1967 2177 2021 Β
2206 1995 2374 2048 οιωε
2429 1993 2538 2056 est,
2583 2020 2651 2028 _.
2681 1967 3175 2059 omnesque—huic
3219 1967 3375 2057 pnrti
3429 1983 3877 2039 consentientes

430 2076 674 2134 victoria
704 2076 884 2147 plena
913 2076 1061 2145 (415)
1090 2073 1417 2146 potiuntur.
1457 2076 1515 2127 In
1544 2072 1848 2127 nativitate
1880 2073 2098 2126 sancta

430 2166 625 2224 Maria
650 2164 1069 2232 Theodericus,
1100 2167 1323 2217 sancta
1348 2165 1631 2217 Romana
1662 2159 1943 2216 acclesia
1973 2175 2100 2216 car-

433 2254 652 2311 dinalis
683 2254 1017 2325 presbyter,
1052 2268 1193 2307 cum
1226 2250 1521 2322 frequenti
1551 2250 1823 2307 Saxonia
1881 2247 2100 2321 princi-

437 2359 590 2417 pum
621 2345 921 2398 conventu
969 2339 1301 2395 Goslariam
1362 2339 1541 2409 venit,
1600 2343 1657 2393 et
1684 2336 1969 2410 quadam
2026 2336 2103 2393 de

437 2429 869 2488 acclesiasticis
890 2428 1153 2499 negociis
1180 2428 1344 2483 utilia
1362 2426 1869 2483 disseruit.Paucis
1890 2426 2105 2482 diebus

439 2519 760 2590 interjectis
788 2518 949 2574 idem
993 2523 1131 2573 ante
1176 2517 1394 2573 festum
1433 2515 1709 2572 omnium
1755 2520 2105 2571 sanctorum

439 2608 733 2666 Frideslar
764 2606 1150 2675 conveniunt,
1203 2622 1335 2677 qua
1386 2605 1465 2659 ad
1508 2605 1803 2659 honorem
1832 2602 2002 2673 regni
2051 2607 2109 2659 et

438 2697 751 2755 utilitatem
800 2700 960 2766 sunt,
1009 2696 1336 2751 tractaturi.
1393 2692 1515 2749 Sub
1567 2692 1779 2748 eodem
1841 2697 2108 2764 tempore

437 2789 768 2861 imperator
798 2786 1161 2857 Mogontiam
1206 2782 1386 2847 venit,
1418 2798 1558 2838 cum
1608 2781 1806 2838 subito
1834 2781 2110 2853 ejusdem

442 2877 610 2935 urbis
668 2875 943 2942 familia;
1002 2878 1127 2929 tam
1185 2871 1438 2938 nobiles,
1499 2875 1621 2926 tam
1666 2870 2108 2943 ministeriales,

444 2967 648 3039 ipsum
679 2965 926 3030 adeunt,
971 2966 1164 3032 orant,
1202 2960 1279 3015 ad
1336 2975 1516 3015 omne
1574 2960 1880 3016 servitium
1932 2977 2110 3016 suum

442 3053 829 3109 ﬁdelissimos
846 3066 908 3106 se
930 3049 1156 3106 amodo
1172 3048 1547 3121 promittunt,
1566 3048 1714 3104 dum
1735 3049 2109 3123 episcopum,

444 3155 629 3214 quem
682 3140 813 3210 jam
870 3137 1126 3193 triennio
1183 3139 1427 3209 captum
1477 3136 1687 3205 tenuit,
1737 3137 1822 3193 eis
1878 3137 2110 3195 reddat.

446 3227 715 3284 Tandem
746 3224 1027 3298 precibus
1074 3239 1285 3281 eorum
1313 3223 1527 3295 victus,
1560 3228 1687 3282 tum
1730 3226 1911 3283 etiam
1938 3224 2117 3299 quasi

2208 2098 2256 2137 e1
2273 2077 2764 2136 communicavit.
2806 2074 3125 2143 Mogontini
3156 2072 3587 2145 archiepiscopi
3626 2071 3873 2139 milites,

2209 2183 2531 2239 comesque
2579 2169 2987 2221 Heremannus
3038 2162 3391 2235 prasidium
3445 2160 3615 2216 ducis
3678 2159 3880 2215 Fride-

2208 2257 2312 2315 rizi
2352 2257 2408 2312 in
2444 2253 2814 2328 Oppenheim
2842 2253 3104 2316 diruunt,
3139 2255 3542 2315 concremant,
3576 2248 3877 2320 multique

2210 2346 2334 2418 igni
2380 2342 2675 2415 assumpti
2733 2346 2890 2397 sunt.
2950 2339 3349 2396 Baldewimus
3402 2356 3505 2394 rex
3564 2336 3880 2393 Iherosoli—

2212 2435 2476 2492 mitanus
2541 2436 2676 2504 post
2748 2429 2968 2485 multos
3024 2446 3134 2502 pro
3204 2428 3533 2484 Christiana
3584 2425 3878 2494 religione

2213 2522 2451 2580 labores
2509 2519 2779 2585 moritur,
2827 2522 2883 2573 et
2929 2519 3100 2588 juxta
3143 2516 3385 2571 fratrem
3446 2530 3624 2570 suum
3683 2512 3879 2569 Gode-

2215 2610 2437 2667 fridum
2520 2606 2817 2681 sepelitur.
2906 2604 3402 2660 Iherosolimitani
3474 2603 3660 2659 alium
3740 2600 3881 2656 Bal-

2216 2699 2544 2765 dewinum,
2596 2700 2876 2769 nepotem
2925 2710 3123 2762 suum,
3157 2694 3215 2748 in
3272 2693 3472 2748 locum
3503 2692 3632 2764 ejus
3662 2689 3885 2746 substi-

2216 2792 2413 2846 tuunt.

2294 2880 2451 2932 1119.
2505 2878 2774 2931 Domnus
2826 2872 3189 2946 apostolicus
3248 2870 3511 2930 Gelasius
3568 2868 3884 2942 synodum

2219 2966 2281 3023 in
2313 2965 2557 3022 Francia
2578 2964 3005 3033 celebraturus,
3034 2964 3197 3035 apud
3226 2963 3575 3019 Cluniacum
3603 2958 3886 3019 moritur,

2220 3055 2422 3127 ibique
2470 3054 2767 3126 sepelitur.
2803 3052 2907 3110 Cui
2938 3052 3424 3124 archiepiscopus
3475 3050 3734 3115 Vienna,
3795 3047 3891 3102 vir

2222 3144 2559 3214 religiosus,
2604 3142 2886 3209 succedit,
2927 3140 3180 3196 Kalistus
3237 3140 3500 3196 nomine.
3556 3140 3894 3211 Imperator

2224 3238 2283 3290 et
2327 3232 2628 3305 principes
2678 3230 2845 3301 regni
2883 3230 2943 3285 in
3001 3230 3311 3285 festivitate
3365 3228 3556 3285 sancti
3594 3226 3893 3283 Johannis

445 3316 503 3372 vi
532 3331 645 3389 pro
686 3313 973 3388 temporis
1004 3312 1255 3371 articulo
1302 3317 1569 3382 coactus,
1623 3314 1978 3388 episcopum
2027 3315 2113 3372 eis
2153 3320 2195 3377 C
2225 3322 2496 3395 Baptista
2547 3320 2933 3389 conveniunt,
2966 3324 3022 3374 et
3077 3318 3136 3373 in
3178 3318 3565 3374 concordiam
3611 3315 3894 3383 redeunt,

448 3404 728 3463 reddidit.

524 3498 684 3552 1116.
716 3491 1115 3551 Theodericus
1167 3492 1491 3549 cardinalis
1546 3493 1819 3563 moritur,
1855 3494 2115 3551 Colonia

452 3583 756 3657 sepelitur,
813 3580 1152 3639 astantibus
1200 3581 1502 3655 episcopis
1549 3585 1614 3638 14
1670 3599 1808 3639 cum
1840 3583 2116 3655 Liutgero

448 3673 603 3730 duce
653 3671 979 3744 multisque
1046 3670 1177 3727 aliis
1234 3670 1631 3745 principibus.
1695 3675 1757 3727 In
1811 3671 2116 3729 nativitate

451 3762 642 3818 sancti
674 3759 960 3829 Stephani
998 3759 1374 3829 Mogontinus
1419 3759 1640 3815 electus
1669 3759 1748 3815 ab
1779 3761 1990 3817 Ottone
2018 3777 2117 3816 ve-

450 3848 705 3906 nerabili
734 3847 1215 3918 Bavenbergensi
1245 3848 1530 3921 episcopo
1559 3848 1890 3905 ordinatur.
1905 3851 2119 3921 Magna

452 3936 605 3992 aeris
634 3935 993 4008 inequalitas
1022 3934 1181 3992 facta
1209 3940 1316 3992 est.
1351 3935 1518 3992 Circa
1570 3936 1833 3994 natalem
1882 3937 2119 3994 Domini

451 4023 600 4079 luna
630 4023 787 4079 clare
812 4022 1095 4093 fulgente,
1124 4022 1243 4079 alia
1272 4028 1403 4080 orta
1431 4029 1519 4080 est
1543 4024 1622 4081 ab
1645 4025 1973 4083 occidente.
1990 4028 2121 4092 Qua

454 4109 560 4166 diu
591 4125 731 4165 cum
769 4109 1029 4166 naturali
1056 4110 1202 4167 luna
1246 4126 1589 4181 congressa,
1622 4114 1807 4169 modo
1836 4114 2117 4182 assultus,

455 4198 642 4254 modo
668 4198 876 4267 fugam
898 4198 1167 4271 utrisque
1197 4199 1641 4269 simulantibus,
1688 4202 2123 4261 obscurissima

455 4287 703 4345 tandem
733 4287 916 4343 nuba
942 4293 1107 4345 tecta
1148 4294 1289 4346 sunt
1316 4306 1328 4344 :
1361 4306 1485 4362 qua
1515 4292 1846 4359 recedente,
1880 4298 2123 4349 natura-

454 4376 528 4433 lis
555 4375 703 4433 luna
731 4376 862 4432 sola
886 4376 1174 4446 fulgebat.
1211 4378 1428 4436 Similis
1457 4395 1701 4453 quoque
1732 4381 2044 4438 conﬂictus
2060 4382 2121 4437 in

459 4464 646 4522 stellis
676 4465 843 4521 visus
870 4470 978 4522 est.

534 4559 690 4609 1117.
743 4554 809 4610 In
837 4559 1053 4612 octava
1103 4556 1296 4613 sancti
1322 4557 1569 4613 Joannis
1601 4559 1977 4629 evangelista
2006 4559 2122 4616 late

2221 3412 2304 3468 ita
2335 3414 2559 3480 tamen,
2606 3413 2672 3465 ut
2700 3408 2899 3464 omnis
2945 3424 3132 3464 causa
3157 3424 3293 3480 qua
3345 3407 3636 3464 hactenus
3681 3405 3896 3460 accie-

2224 3502 2376 3558 siam
2403 3499 2848 3556 disturbaverat
2874 3501 2931 3553 et
2954 3497 3107 3553 inter
3122 3514 3224 3553 eos
3245 3496 3546 3553 formitem
3566 3493 3893 3551 discordia

2222 3591 2686 3656 ministraverat,
2737 3587 2797 3642 in
2862 3587 3248 3659 prasentiam
3305 3585 3515 3642 domni
3573 3582 3893 3657 apostolici

2225 3678 2427 3737 Kalisti
2470 3677 2822 3733 differretur.
2854 3675 3010 3733 Multi
3064 3674 3408 3732 mortalium
3456 3690 3494 3731 a
3520 3673 3679 3746 lupis
3706 3671 3893 3728 devo-

2222 3775 2450 3825 rantur.
2487 3765 2737 3823 Calistus
2793 3780 2954 3837 papa
3002 3764 3306 3836 synodum
3363 3762 3558 3819 Remis
3616 3762 3775 3817 circa
3806 3760 3895 3815 fe-

2226 3862 2383 3913 stum
2436 3853 2625 3910 sancti
2681 3856 2851 3909 Luca
2908 3852 3186 3918 celebrat,
3246 3852 3341 3907 cui
3384 3850 3739 3906 Adelbertus
3773 3851 3892 3904 Mo-

2227 3945 2508 4016 gontinus
2555 3942 3043 4014 archiepiscopus
3087 3940 3411 4014 pluresque
3457 3938 3723 4012 episcopi
3755 3940 3895 3993 Ger-

2226 4033 2444 4090 mania
2491 4030 2905 4088 interfuerunt.
2976 4031 3306 4102 Imperator
3362 4044 3486 4083 non
3527 4026 3706 4095 longe
3748 4041 3895 4081 cum

2228 4122 2352 4178 suis
2400 4120 2688 4188 consistit,
2747 4118 3065 4174 auditurus
3113 4133 3293 4190 super
3343 4114 3738 4188 synodalibus
3789 4114 3896 4168 de-

2228 4211 2402 4267 cretis
2435 4227 2450 4278 ;
2478 4209 2583 4264 sed
2612 4207 2797 4263 nichil
2826 4208 2991 4280 quod
3030 4207 3110 4263 ad
3141 4204 3685 4263 reconciliationem
3713 4202 3897 4276 perti-

2228 4304 2415 4367 neret,
2457 4302 2660 4354 actum
2690 4300 2780 4353 est
2811 4315 2824 4363 ;
2857 4297 3047 4353 immo
3073 4298 3401 4368 imperator
3429 4293 3902 4351 anathematiza-

2230 4393 2326 4445 tus
2351 4392 2457 4444 est.

2303 4480 2460 4533 1120.
2501 4479 2625 4531 Dux
2681 4475 3010 4544 Liutgerus,
3062 4473 3395 4529 Fridericus
3452 4471 3753 4528 Palatinus
3799 4485 3874 4524 co

2235 4583 2382 4631 mes,
2432 4563 2785 4626 Roudolfus,
2824 4568 2881 4619 et
2925 4563 3127 4637 plures
3172 4562 3271 4618 alii
3317 4559 3660 4635 imperatori
3693 4574 3904 4613 recon-

455 4658 565 4716 per
592 4642 801 4700 orbem
834 4644 1077 4700 terribili
1108 4650 1165 4701 et
1193 4645 1466 4703 inaudito
1485 4648 1777 4704 hactenus
1799 4654 2122 4705 terremotu
2163 4662 2206 4717 υ
2236 4655 2515 4712 ciliantur
2535 4651 2841 4708 Goslaria.
2873 4655 3084 4708 Fames
3116 4651 3342 4707 valida:
3374 4650 3615 4706 modius
3646 4646 3899 4717 siliginis

455 4734 615 4787 terra
659 4733 1038 4800 concutitur;
1097 4735 1363 4792 maxime
1393 4752 1533 4792 vero
1588 4737 1649 4792 in
1680 4737 1866 4794 Ytalia
1916 4738 2125 4793 minax

454 4818 573 4875 hoc
603 4820 939 4891 periculum
984 4837 1092 4894 per
1130 4822 1351 4879 multos
1376 4823 1504 4879 dies
1549 4825 1827 4880 continue
1877 4825 2125 4896 desevit,

457 4906 612 4965 adeo
642 4912 707 4964 ut
734 4909 1033 4966 montium
1065 4910 1373 4966 collisione
1398 4916 1455 4968 et
1470 4912 1863 4969 subversione
1883 4914 2127 4970 Edissa

459 4995 604 5067 (416)
652 4996 918 5053 ﬂuminis
966 5003 1200 5055 meatus
1257 5015 1365 5071 per
1401 5000 1631 5073 aliquot
1679 5000 1807 5057 dies
1856 5002 2129 5058 obstrue-

456 5087 640 5141 retur.
692 5087 925 5142 Verona
955 5086 1161 5143 civitas
1210 5087 1388 5144 Italia
1428 5090 1824 5149 nobilissima.
1880 5091 2129 5147 ediﬁciis

459 5173 793 5243 concussis,
825 5175 1029 5232 multis
1060 5192 1307 5250 quoque
1335 5179 1693 5235 mortalibus
1724 5180 1977 5246 obrutis,
2003 5196 2131 5236 cor-

458 5260 597 5317 ruit.
652 5260 928 5321 Similiter
974 5263 1036 5321 in
1092 5267 1309 5322 Parma
1359 5272 1416 5323 et
1470 5267 1532 5322 in
1588 5269 1827 5324 Venetia
1875 5268 2129 5340 aliisque

460 5345 737 5417 urbibus,
767 5352 1028 5425 oppidis,
1080 5359 1138 5410 et
1189 5354 1465 5422 castellis,
1523 5372 1645 5412 non
1698 5372 1900 5431 pauca
1938 5356 2132 5413 homi-

460 5447 613 5490 num
647 5435 812 5494 milia
838 5439 1205 5500 interierunt.
1260 5446 1497 5501 Unstrot
1523 5444 1765 5514 ﬂuvius,
1823 5446 1978 5501 alvei
2037 5446 2130 5502 sui

376 5592 385 5601 .
461 5519 768 5590 profundo
834 5528 1051 5601 scisso,
1109 5548 1185 5590 ex
1260 5537 1383 5593 toto
1462 5534 1745 5595 absortus
1812 5539 1901 5591 est
1958 5540 2129 5595 terra

534 5693 687 5833 ᾖ
717 5698 900 5779 Prope
926 5706 1227 5787 mansfeld.

634 5769 689 5830 ο)
720 5765 838 5825 Plei
861 5774 1099 5833 reliqua
1126 5782 1227 5833 abs

558 5766 689 5830 415)
720 5765 848 5825 Plei'
861 5774 1099 5847 reliqua
1126 5765 1357 5844 abscisa
1384 5797 1548 5850 sunt.

2234 4742 2476 4799 duobus
2506 4739 2713 4796 solidis
2736 4739 2915 4795 venit.

2312 4835 2469 4887 H2l.
2502 4832 2632 4885 Dux
2665 4828 3214 4897 Liutgerus,comes
3228 4824 3712 4884 Herimannusde
3744 4824 3905 4878 Win-

2237 4919 2523 4988 ceburch,
2545 4934 2870 4973 numerosa
2896 4922 2952 4973 et
2982 4917 3115 4973 forti
3148 4932 3335 4973 manu
3356 4913 3772 4974 Monasterium
3805 4930 3906 4967 va-

2236 5007 2387 5064 dunt
2415 5022 2526 5079 pro
2556 5005 2921 5062 restituendo
2948 5005 3307 5061 Theoderico
3335 5006 3640 5076 episcopo.
3686 5002 3749 5054 In
3779 5016 3906 5072 qua

2238 5095 2611 5153 restitutione
2637 5094 2875 5150 incaute
2908 5094 3097 5149 sancti
3118 5093 3277 5148 Pauli
3311 5091 3599 5163 templqu
3627 5088 3910 5144 nobiliter

2240 5188 2651 5241 constructum
2683 5182 2961 5238 incendio
3001 5180 3378 5247 conﬂagrant
3407 5194 3545 5234 cum
3584 5176 3752 5232 omni
3784 5177 3907 5233 fere

2238 5271 2405 5330 urbis
2430 5271 2583 5328 loco.
2616 5270 2937 5325 Pradictus
2965 5271 3087 5324 dux
3119 5284 3330 5323 omnes
3358 5267 3478 5321 fere
3510 5264 3675 5320 urbis
3704 5264 3910 5320 defen-

2240 5374 2426 5429 sores,
2460 5362 2585 5414 tam
2603 5356 2837 5413 nobiles
2866 5373 3055 5429 quam
3084 5355 3520 5420 ministeriales,
3552 5357 3763 5424 captos
3798 5353 3907 5408 ab-

2239 5445 2423 5504 ducit.
2457 5446 2556 5501 His
2583 5446 2749 5512 actis,
2781 5445 3067 5501 Dulmene
3088 5444 3301 5499 urbem
3331 5442 3631 5498 munitam
3656 5441 3716 5495 in
3743 5440 3909 5496 dedi-

2240 5535 2468 5593 tionem
2497 5534 2748 5608 accepit.
2811 5534 2977 5591 Circa
3032 5533 3252 5589 festum
3284 5530 3476 5588 sancti
3520 5530 3817 5589 Michaelis
3846 5531 3906 5591 in

2339 5711 2468 5852 416ἷ
2501 5711 2711 5780 Etsch;

2340 5784 2439 5836 417
2495 5784 2536 5837 I.
2564 5796 2618 5838 θ.
2648 5783 2711 5838 Br

2340 5783 2463 5846 417)
2495 5784 2536 5837 1.
2564 5796 2618 5838 e.
2648 5783 3093 5846 Bracarenssm.
