3968 6378
123 290 232 346 601

829 290 924 348 ET
963 291 1326 351 LAMBERTI
1366 296 1951 352 ASCHAFNABURG.
1997 298 2186 355 PARS
2225 299 2507 354 ALTERA
2549 297 2881 352 GENUINA.

3464 294 3570 346 602

1085 419 1406 474 ANNALES
1450 422 2120 478 HILDESHEIMENSES.
2165 425 2232 478 A.
2283 422 2610 477 1122-1133.

125 537 275 593 sede
305 537 632 610 episcopali
667 539 1013 596 Wercibuch
1057 541 1382 614 imperator
1413 547 1467 598 et
1506 543 1682 598 totius
1711 559 1798 600 re-
1835 546 1886 600 Α
1910 545 2038 600 viso
2070 545 2637 601 circumveniuntur.
2690 543 3133 599 Obtruncantur
3179 540 3260 595 ibi
3305 539 3571 612 plerique

125 625 235 695 gni
283 626 584 698 principes
638 628 1026 697 conveniunt,
1074 634 1129 684 et
1174 630 1234 685 in
1280 631 1663 686 concordiam
1714 648 1802 687 re-

125 713 346 785 deunt,
374 716 603 786 judicio
654 721 710 770 et
757 718 1004 772 consilio
1056 719 1284 774 domini
1325 719 1636 791 apostolici
1665 737 1804 777 cau-

126 818 266 858 sam
299 803 678 876 imperatoris
713 805 1233 862 determinandam
1266 813 1653 864 reservantes.

208 895 365 947 1122.
407 893 470 947 In
505 893 654 949 festo
686 894 898 949 natalis
935 895 1160 949 Domini
1199 896 1577 951 vehementes
1616 895 1800 950 turbi-

126 997 240 1037 nes
265 987 586 1037 ventorum
610 983 926 1039 innumera
955 985 1190 1039 editicia
1223 991 1276 1040 et
1303 985 1548 1041 arbores
1584 1003 1620 1040 a
1649 985 1803 1039 radi-

127 1071 304 1126 cibus
335 1072 720 1139 subruerunt,
752 1077 807 1128 et
856 1073 1169 1129 inundatio
1221 1091 1519 1146 aquarum
1551 1092 1619 1130 ex
1674 1091 1803 1145 ym-

126 1159 335 1216 brium
364 1160 763 1229 distillatione,
795 1178 977 1234 supra
1007 1179 1194 1234 quam
1248 1163 1533 1235 cuiquam
1583 1169 1802 1219 morta-

126 1248 284 1304 lium
333 1250 614 1306 credibile
657 1251 750 1320 sit,
788 1251 1023 1318 evenit;
1081 1251 1403 1324 multisque
1451 1253 1801 1308 mortalibus

128 1339 508 1404 summersis,
567 1339 658 1393 his
707 1340 809 1411 qui
865 1346 1199 1404 evaserant,
1259 1341 1523 1396 diuturni
1575 1341 1799 1396 doloris

126 1440 320 1482 causa
343 1426 548 1482 extitit.
574 1427 739 1483 Circa
766 1427 981 1483 festum
1011 1433 1232 1484 sanctae
1256 1429 1447 1484 Mariae
1474 1430 1637 1502 Spire
1664 1445 1802 1485 con-

125 1518 350 1570 ventus
397 1515 739 1588 principum
779 1515 862 1571 ﬁt.
905 1517 992 1572 lbi
1022 1519 1343 1590 episcopus
1375 1519 1681 1588 Ostiensis,
1713 1519 1802 1574 vir

124 1602 467 1672 religiosus,
503 1609 724 1660 sanctae
752 1606 1042 1660 Romanae
1068 1607 1348 1661 mcclesiae
1377 1607 1632 1675 legatus,
1663 1623 1801 1663 con-

131 1692 368 1748 sulente
391 1709 552 1765 papa
571 1694 810 1762 Calisto,
839 1695 1265 1766 imperatorem
1293 1697 1497 1751 hanno
1521 1696 1797 1753 absolvit.

129 1781 467 1854 Imperator
496 1798 658 1850 vero,
690 1788 754 1838 ut
806 1782 1245 1840 aecclesiasticre
1290 1786 1542 1856 justicite
1574 1785 1804 1842 satisfa-

129 1875 315 1940 ceret,
383 1871 762 1927 investituras
819 1873 1375 1930 {ecclesiasticarum
1441 1875 1800 1942 dignitatum

133 1964 351 2015 sancto
379 1961 548 2015 Petro
574 1961 831 2028 remisit;
867 1961 947 2017 ita
977 1961 1311 2029 dumtaxat,
1347 1969 1412 2018 ut
1435 1963 1621 2019 libera
1650 1964 1800 2019 elec-

130 2048 298 2104 tione
333 2049 730 2121 praacedente,
760 2055 815 2105 et
837 2067 1140 2106 canonum
1171 2053 1459 2120 gravitate
1487 2069 1801 2108 conserva-

129 2143 212 2206 ta,
245 2137 578 2210 imperialis
612 2140 919 2207 autoritas,
953 2141 1115 2212 quod
1149 2141 1238 2196 sui
1269 2142 1419 2211 juris
1449 2147 1555 2208 est,
1576 2143 1635 2197 in
1667 2158 1805 2197 con-

127 2225 448 2283 stituendis
480 2227 781 2299 episcopis
831 2228 952 2282 sive
1002 2228 1325 2283 abbatibus
1361 2230 1448 2284 vel
1481 2231 1802 2286 abbatissis

127 2326 258 2366 non
285 2312 615 2380 amitteret;
651 2319 707 2369 et
737 2314 785 2368 si
824 2315 883 2369 in
915 2316 1351 2371 constituendis
1384 2317 1475 2371 his
1505 2317 1803 2386 dignitati-

127 2400 249 2455 bus
281 2400 604 2468 discordia,
655 2406 720 2458 ut
765 2419 922 2474 saipe
970 2403 1054 2469 ﬁt,
1089 2404 1444 2473 oboriretur,
1476 2405 1802 2477 imperialis

127 2493 400 2561 potestas
426 2491 676 2546 consilio
703 2491 1044 2562 sapientum
1077 2494 1414 2549 contrairet.

209 2582 367 2635 1123.
410 2580 704 2635 Adelbero
732 2582 1072 2636 Bremensis
1107 2583 1595 2656 archiepiscopus
1627 2599 1804 2639 cano-

131 2666 268 2723 nice
282 2668 501 2724 electus
523 2686 633 2742 pro
654 2671 1026 2742 reposcenda
1051 2671 1215 2743 pallii
1236 2673 1520 2741 dignitate
1546 2674 1803 2727 Romam

127 2755 336 2822 vadit;
381 2756 463 2812 ibi
493 2773 529 2814 a
558 2757 786 2813 domno
839 2759 1167 2830 apostolico
1215 2760 1430 2816 Calisto
1473 2760 1802 2815 honorifice

132 2843 477 2917 suscipitur,
509 2845 573 2900 in
604 2847 1127 2919 archiepiscopum
1169 2847 1246 2902 ab
1297 2865 1366 2903 eo
1398 2853 1799 2918 consecratur,

129 2931 462 3005 habitaque
507 2935 744 3004 synodo
782 2935 1072 2990 canonico
1120 2940 1175 2990 et
1223 2935 1540 3006 judiciario
1593 2936 1802 2991 ordine

134 3019 390 3092 pallium
439 3021 713 3090 obtinuit,
747 3023 1109 3092 negligentia
1152 3023 1412 3078 duorum
1464 3030 1802 3079 antecesso-

132 3124 272 3163 rum
303 3124 554 3164 suorum
587 3110 878 3165 amissum
908 3116 964 3165 et
987 3110 1048 3164 in
1083 3113 1279 3165 Danos
1313 3111 1689 3167 translatum.

207 3197 364 3253 1124.
409 3198 676 3271 Eclypsis
733 3200 891 3254 limae
944 3199 1101 3255 facta
1153 3206 1240 3256 est
1292 3203 1415 3256 Kal.
1479 3200 1796 3257 Februarii.

128 3288 358 3356 Magnae
412 3286 587 3342 molis
638 3287 870 3356 grando
929 3288 1141 3343 cecidit
1193 3289 1229 3343 9
1279 3289 1403 3344 Kal.
1461 3289 1795 3359 Augustini.

138 3374 411 3446 Eclypsis
442 3375 582 3430 solis
613 3375 768 3432 facta
817 3381 904 3432 est
929 3381 959 3432 3
995 3377 1129 3432 ldus
1161 3378 1428 3446 Augusti.
1476 3381 1686 3447 Magna
1714 3378 1800 3433 fa-

127 3480 260 3520 mes
294 3464 528 3520 accidit.
564 3465 816 3522 Calistus
841 3482 1003 3539 papa
1030 3466 1193 3533 obiit,
1219 3469 1314 3521 cui
1346 3469 1638 3522 Honorius
1669 3483 1802 3522 suc-

133 3553 332 3609 cessit.

210 3641 369 3697 1125.
407 3642 738 3714 Imperator
765 3643 1013 3713 Trajecti
1046 3643 1200 3699 infra
1227 3644 1635 3699 ebdomadam
1663 3660 1806 3715 pen-

129 3734 401 3786 tecosten
451 3731 634 3798 obiit;
690 3748 912 3804 corpus
964 3733 1093 3802 ejus
1142 3733 1372 3806 Spiram
1423 3734 1702 3788 defertur.
1739 3735 1802 3788 In

130 3818 284 3874 festo
306 3820 497 3876 sancti
524 3820 1154 3876 Bartholomeiomnes
1183 3822 1361 3877 totius
1383 3822 1616 3892 imperii
1647 3821 1805 3892 prin-

131 3906 299 3978 cipes
358 3909 673 3977 Moguntiaa
725 3911 1110 3976 conveniunt,
1174 3926 1385 3966 omnes
1444 3910 1805 3966 unanimiter

129 3997 355 4053 ducem
383 3997 723 4069 Liutgerum
752 3999 812 4054 in
839 4016 1039 4069 regem
1069 4000 1373 4069 eligentes.

210 4087 368 4142 1126.
413 4091 611 4142 Novus
641 4105 746 4144 rex
776 4090 1040 4145 natalem
1071 4090 1307 4146 Domini
1338 4090 1501 4162 apud
1537 4090 1804 4161 Argenti-

131 4191 281 4232 nam
311 4175 593 4243 celebrat,
628 4178 845 4233 dehinc
897 4179 974 4234 ad
1015 4180 1272 4251 patriam
1303 4179 1472 4235 redit.
1510 4180 1804 4249 Rotgerus

133 4264 740 4336 Parthenopolitanus
772 4266 1091 4339 episcopus
1118 4266 1282 4335 obiit,
1300 4267 1395 4323 cui
1418 4267 1805 4323 Northbertus

136 4352 425 4408 succedit.
463 4353 605 4418 Rex,
634 4360 806 4426 rapta
831 4354 956 4410 acie
991 4355 1324 4411 admodum
1346 4355 1630 4427 parva,in
1657 4358 1803 4410 Boe-

133 4441 327 4497 miam
371 4457 482 4513 pro
533 4442 899 4498 restituendo
945 4445 1174 4513 Ottone,
1207 4444 1310 4516 qui
1362 4444 1579 4514 injuste
1606 4444 1803 4516 priva-

135 4534 266 4586 tum
318 4546 380 4584 se
429 4531 657 4588 honore
708 4531 1006 4602 praedictm
1064 4533 1365 4604 provinces
1417 4532 1801 4604 querebatur,

133 4617 347 4687 tendit,
371 4617 605 4674 incaute
632 4619 897 4691 quidem.
925 4620 1064 4675 Tria
1083 4620 1243 4676 enim
1265 4620 1473 4688 millia,
1498 4637 1619 4675 non
1645 4620 1802 4692 plus,

135 4721 350 4762 secum
381 4707 741 4780 assumpsit;
791 4708 1057 4763 hostium
1087 4725 1229 4764 vero
1260 4714 1328 4764 20
1359 4708 1523 4763 milia
1553 4713 1656 4763 aut
1685 4724 1810 4762 am-

134 4796 297 4869 plius
327 4801 516 4851 erant.
555 4797 802 4853 Ducenti
826 4814 965 4852 vero
998 4799 1394 4870 expeditiores
1419 4813 1624 4867 regem
1653 4814 1807 4870 prte-

136 4884 458 4954 cedebant,
490 4885 568 4940 ad
607 4887 1019 4956 praecidendas
1070 4887 1385 4957 indagines
1440 4886 1624 4957 silvae,
1671 4902 1808 4958 quin

137 4973 454 5029 Boemiam
485 4990 520 5029 a
553 4975 812 5032 Saxonia
839 4975 1279 5042 disterminant,
1313 4975 1602 5048 dispositi.
1636 4978 1810 5032 Cum-

135 5078 257 5135 que
287 5061 350 5117 hi
379 5077 487 5134 per
513 5062 672 5120 invia
723 5068 780 5119 et
824 5063 1082 5136 abrupta
1134 5063 1300 5119 silvae
1329 5063 1504 5135 quasi
1533 5067 1810 5134 repentes

133 5149 504 5217 laborarent,
537 5155 663 5207 tum
694 5152 924 5208 nivium
955 5151 1393 5222 magnitudine,
1422 5156 1551 5207 tum
1580 5150 1812 5219 indagi-

1841 1900 1883 1951 Β

1913 639 2080 689 terrae
2112 635 2406 699 meliores,
2436 634 2544 689 viri
2576 634 2754 689 fortes
2781 636 2838 687 et
2865 631 3117 695 nobiles,
3144 629 3310 684 domi
3341 627 3573 684 militia—

1910 740 2027 796 que
2059 724 2220 779 clari.
2256 725 2375 779 Rex
2408 723 2848 796 expeditionem
2883 725 3085 776 movet
3113 736 3292 791 super
3327 717 3570 774 Frideri-

1911 831 2049 869 cum
2067 813 2282 869 ducem
2309 815 2533 870 Sueviae
2558 813 2648 868 vel
2671 811 2914 867 Alsaciae
2937 830 2949 877 ;
2976 815 3063 865 set
3079 826 3149 864 eo
3170 809 3230 863 in
3250 808 3571 862 munitiora

1910 907 2075 958 terrae
2101 919 2162 956 se
2193 903 2530 974 recipiente,
2564 917 2666 957 rex
2695 901 2912 955 infecto
2941 899 3192 969 negocio
3237 897 3404 952 redit.
3437 898 3570 950 Tre-

1909 992 2064 1047 veris
2081 992 2242 1063 apud
2273 997 2548 1047 sanctum
2578 991 2934 1070 Eucherium
2964 988 3252 1060 reperitur
3273 987 3418 1056 (418)
3447 1001 3573 1039 cor-

1910 1098 2023 1154 pus
2055 1075 2242 1136 Sancti
2275 1081 2522 1137 Matthiie
2556 1079 2809 1153 apostoli
2832 1079 3042 1134 subtus
3073 1077 3257 1132 altare
3287 1073 3573 1130 Johannis

1910 1171 2201 1243 baptistze.
2241 1174 2370 1236 Quo
2400 1171 2578 1238 digne
2606 1169 2819 1236 locato,
2854 1169 3137 1238 deinceps
3168 1166 3246 1220 ab
3274 1163 3436 1220 omni
3468 1179 3572 1235 po-

1911 1259 2053 1331 pulo
2083 1261 2402 1314 Teutonico
2432 1259 2701 1314 maxima
2732 1257 3044 1312 devotione
3072 1255 3301 1310 colitur.

1986 1353 2138 1403 1127.
2184 1352 2301 1403 Rex
2335 1347 2694 1403 Norinberch
2731 1347 2939 1401 urbem
2971 1343 3436 1400 munitissimam
3467 1340 3572 1394 ob-

1910 1436 2139 1492 sidione
2165 1439 2416 1510 premit;
2474 1437 2577 1491 sed
2610 1436 2690 1490 nil
2722 1436 2912 1491 relatu
2941 1434 3194 1503 dignum
3239 1435 3438 1486 actum
3485 1432 3573 1482 est

1909 1526 2010 1593 ibi,
2043 1527 2147 1581 sed
2180 1527 2305 1580 sine
2337 1525 2550 1581 effectu
2582 1543 2718 1580 cum
2747 1525 3016 1596 dampno
3045 1537 3292 1576 suorum
3319 1518 3458 1574 inde
3486 1533 3572 1571 re-

1910 1614 2033 1670 diit.
2092 1615 2416 1686 Heynricus
2447 1612 3024 1688 Patherbrunnensis
3055 1611 3372 1683 episcopus
3403 1605 3568 1671 obiit,

1910 1704 2005 1759 cui
2033 1704 2409 1760 Bernhardus
2442 1702 2722 1758 succedit.

1985 1795 2139 1849 1128.
2185 1795 2349 1849 Circa
2381 1793 2595 1848 festum
2628 1792 2815 1847 sancti
2847 1790 3134 1846 Johannis
3162 1787 3438 1860 Baptistae
3467 1801 3573 1840 rex

1914 1883 2353 1954 expeditionem
2381 1886 2587 1937 contra
2619 1881 3004 1936 Counradum
3029 1878 3270 1934 fratrem
3299 1873 3573 1931 Friderici

1911 1971 2080 2025 ducis
2109 1971 2312 2037 movit,
2334 1971 2692 2041 obseditque
2719 1970 2929 2025 urbem
2961 1969 3124 2041 Spire
3149 1985 3162 2033 ;
3193 1961 3572 2034 acceptisque

1911 2059 2243 2123 obsidibus,
2278 2060 2434 2114 circa
2465 2059 2684 2114 festum
2719 2059 2908 2113 sancti
2936 2055 3160 2113 Martini
3191 2050 3478 2108 discessit.

1989 2147 2141 2203 1129.
2184 2151 2316 2202 Post
2347 2153 2728 2219 pentecosten
2773 2163 2876 2201 rex
2907 2145 3120 2200 urbem
3163 2141 3327 2213 Spire
3358 2138 3573 2192 iterum

1911 2235 2223 2290 obsidione
2246 2236 2445 2300 vallat,
2479 2236 2624 2307 quia
2655 2235 2858 2300 ﬁdem,
2883 2249 3069 2306 quam
3100 2226 3391 2302 superiori
3413 2239 3574 2280 anno

1912 2322 2220 2388 dederant,
2256 2323 2640 2394 infregerunt.

1987 2412 2140 2468 1130.
2187 2413 2309 2467 Rex
2341 2413 2603 2468 natalem
2639 2411 2872 2467 Domini
2913 2427 3050 2466 cum
3081 2407 3271 2463 multa
3302 2405 3576 2476 frequen-

1911 2499 1990 2554 tia
2020 2499 2362 2572 principum
2397 2500 2553 2554 circa
2583 2499 2795 2554 urbem
2831 2498 2995 2570 Spire
3042 2496 3102 2551 in.
3135 2492 3396 2550 tentoriis
3422 2489 3573 2544 cele-

1910 2585 2064 2641 brat.
2097 2587 2362 2641 Tandem
2398 2587 2706 2657 Spirenses
2731 2586 3002 2639 videntes
3033 2581 3432 2638 constantiam
3482 2593 3573 2632 re-

1913 2673 2022 2742 gis,
2051 2673 2210 2728 fame
2236 2673 2446 2741 coacti,
2475 2689 2602 2727 sese
2633 2689 2770 2727 cum
2802 2673 2938 2743 ipsa
2967 2671 3113 2726 urbe
3158 2668 3281 2737 regi
3312 2663 3572 2720 tradide-

1910 2761 2049 2829 runt
2073 2761 2134 2816 in
2165 2761 2309 2816 festo
2341 2765 2688 2817 sanctorum
2712 2761 3123 2816 innocentum.
3158 2755 3450 2812 Honorius
3469 2768 3575 2825 pa-

1910 2865 1990 2922 pa
2019 2849 2183 2916 obiit,
2213 2849 2308 2904 cui
2340 2849 2720 2905 Innocentius
2768 2848 3070 2904 successit.
3127 2843 3468 2901 Burkardus
3497 2841 3572 2895 de

1912 2941 2103 2994 Lucca
2123 2938 2269 3008 (419)
2296 2939 2619 3005 occiditur;
2655 2938 2814 2992 unde
2844 2954 2946 2992 rex
2970 2935 3351 2992 contristatus
3372 2936 3428 2986 et
3459 2930 3572 2984 ira-

1911 3032 2024 3094 tus,
2060 3028 2474 3097 Winceburch,
2507 3033 2772 3083 castrum
2815 3025 3158 3082 Herimanni
3193 3021 3445 3085 comitis,
3480 3019 3574 3074 cui

1910 3118 2093 3188 hujus
2149 3117 2309 3172 cedis
2359 3117 2677 3172 consilium
2727 3121 2784 3172 et
2835 3117 3075 3187 jussum
3128 3111 3572 3186 imponebatur,

1862 3252 1878 3269 η
1911 3206 2224 3262 obsidione
2255 3206 2607 3262 circumdat.

1846 4595 1889 4646 1)

1989 3296 2141 3351 1131.
2185 3297 2310 3351 Rex
2339 3295 2601 3351 natalem
2634 3295 2866 3351 Domini
2900 3294 3264 3350 Gaudersem
3295 3289 3573 3345 celebrat.

1915 3384 2311 3440 Herimannus
2339 3383 2588 3438 consilio
2619 3383 2962 3455 principum
2994 3398 3135 3436 cum
3166 3377 3447 3452 praedicto
3476 3392 3577 3431 ca-

1913 3478 2033 3529 stro
2080 3473 2237 3543 regis
2291 3491 2352 3528 se
2401 3471 2676 3544 potestati
2708 3471 2903 3527 tradit.
2937 3473 3125 3536 Quem
3157 3485 3260 3523 rex
3291 3465 3579 3522 custodia:

1911 3561 2201 3633 deputat;
2252 3565 2516 3615 castrum
2547 3577 2683 3614 vero
2715 3560 2890 3614 everti
2924 3558 3051 3613 solo
3085 3563 3255 3611 tenus
3299 3555 3573 3627 imperat.

1990 3650 2142 3706 1132.
2183 3648 2718 3704 Vehementissima
2757 3649 2847 3702 vis
2897 3651 3209 3702 ventorum
3259 3643 3577 3698 innumera

1913 3738 2150 3794 ediﬁcia
2179 3737 2487 3792 subvertit.
2525 3737 2767 3808 Eclipsis
2812 3736 2969 3791 luna:
3026 3735 3179 3790 facta
3231 3737 3320 3788 est
3363 3737 3392 3787 5
3426 3735 3574 3786 Non.

1912 3828 2108 3884 Marcii
2142 3828 2308 3894 (420).
2343 3826 2678 3881 Translatio
2703 3825 2890 3881 sancti
2919 3823 3258 3880 Godehardi
3283 3821 3437 3876 facta
3467 3825 3574 3876 est.

1917 3917 2082 3974 Circa
2112 3915 2592 3988 assumptionem
2625 3919 2846 3969 sanctae
2887 3915 3076 3970 Mariae
3108 3910 3396 3983 profectio
3423 3910 3580 3977 regis

1913 4005 1976 4061 in
2023 4005 2245 4060 Italiam
2297 4020 2408 4076 pro
2455 4003 2902 4058 consecratione
2953 4018 3064 4056 sua
3123 4001 3200 4056 ab
3253 3997 3580 4071 apostolico

1915 4094 2080 4167 apud
2111 4094 2369 4148 Romam
2420 4093 2481 4147 in
2513 4109 2800 4147 cesarem.
2849 4092 2910 4146 1n
2943 4107 3065 4163 quo
3097 4091 3301 4145 itinere
3333 4104 3470 4142 cum
3503 4085 3581 4140 ad

1913 4183 2126 4238 urbem
2157 4187 2570 4249 Augustanam
2598 4181 2878 4245 venisset,
2908 4196 3040 4234 eam
3073 4177 3320 4250 pacitice
3353 4177 3584 4243 ingres-

1917 4287 2018 4325 sus
2068 4275 2173 4324 est.
2234 4271 2330 4324 Set
2368 4268 2752 4340 quorundam
2792 4267 3014 4322 civium
3067 4265 3321 4320 factione
3371 4260 3581 4315 seditio

1915 4363 2122 4414 contra
2150 4358 2303 4427 regis
2333 4357 2608 4411 homines
2638 4361 2843 4411 exorta
2873 4359 2997 4420 est;
3049 4359 3106 4408 et
3147 4354 3259 4407 hac
3289 4351 3363 4405 de
3395 4364 3582 4403 causa

1915 4447 2226 4519 repentino
2259 4446 2414 4515 igne,
2450 4451 2513 4499 ut
2557 4445 2616 4500 in
2667 4445 2767 4499 tali
2797 4443 3055 4498 tumultu
3083 4441 3209 4496 fieri
3242 4440 3408 4502 solet,
3445 4436 3582 4491 civi-

1919 4537 2008 4586 tas
2057 4531 2175 4585 fere
2235 4535 2352 4584 tota
2405 4528 2816 4596 conﬂagravit,
2869 4532 2926 4582 et
2972 4525 3143 4581 multi
3192 4529 3315 4579 tam
3366 4521 3580 4590 gladiis

1916 4635 2102 4692 quam
2132 4615 2394 4672 ﬂammis
2433 4616 2754 4687 perierunt.

1994 4709 2146 4763 1133.
2181 4707 2306 4761 Rex
2336 4703 2599 4761 natalem
2633 4702 2865 4758 Domini
2891 4702 2952 4757 in
2971 4698 3390 4768 Langobardia
3415 4696 3579 4768 apud

1917 4796 2142 4865 villam,
2175 4795 2524 4851 Medicinam
2557 4793 2702 4863 (421)
2740 4791 2985 4859 dictam,
3019 4789 3294 4844 celebrat.
3327 4788 3436 4841 Per
3466 4790 3579 4840 Ita-

1917 4885 2061 4940 liam
2110 4884 2395 4955 pleraque
2439 4882 2572 4936 loca
2623 4880 2854 4935 munita
2900 4878 3009 4933 sibi
3041 4875 3373 4931 resistentia
3403 4873 3575 4945 cepit.

1920 4973 2191 5028 Tandem
2245 4978 2276 5026 '2
2330 4970 2455 5026 Kal.
2493 4969 2620 5025 Maii
2651 4972 2902 5023 Romam
2935 4982 3072 5021 cum
3105 4979 3345 5019 summo
3376 4962 3579 5016 favore

1917 5061 2277 5130 ingreditur;
2310 5059 2510 5130 ibique
2543 5063 2572 5112 2
2605 5061 2750 5112 Non.
2783 5055 2958 5121 Junii,
2993 5069 3114 5125 quo
3148 5058 3284 5106 tunc
3307 5051 3432 5106 dies
3467 5053 3578 5104 Do-

1920 5151 2141 5206 minica
2173 5148 2377 5214 extitit,
2415 5147 2718 5201 Lateranis
2760 5145 2819 5198 in
2863 5143 3108 5198 basilica
3142 5140 3329 5194 sancti
3359 5139 3579 5194 Johan-

134 5255 289 5296 num
318 5239 608 5297 incisione
646 5241 890 5312 fatigati,
924 5242 1192 5299 hostium
1221 5241 1452 5298 insidiis
1482 5258 1554 5297 ex
1584 5241 1811 5312 impro—
1921 5240 2014 5294 nis
2072 5240 2342 5309 Baptistae
2396 5251 2432 5291 a
2475 5236 2701 5290 domno
2752 5230 3078 5304 apostolico
3132 5228 3472 5284 Innocentio
3518 5227 3582 5282 in

209 5469 361 5538 (418)
411 5470 539 5525 Vox
585 5485 661 5526 ea:
685 5471 850 5530 Ann.
881 5475 1126 5529 Saxone
1161 5487 1200 5530 a
1249 5471 1503 5530 Chesm‘o
1539 5474 1804 5538 inserta;

141 5539 308 5598 locus
326 5543 465 5610 jam
493 5556 762 5600 arrasus.

210 5611 366 5683 (419)
411 5613 690 5673 Loccum.

1991 5470 2137 5538 (420)
2181 5470 2269 5522 Ma
2303 5485 2363 5522 :2:
2398 5483 2447 5521 c.

1993 5539 2138 5612 (421)
2180 5538 2424 5595 Mensa?
