3874 6526
389 435 491 493 009

735 430 996 485 ANNAL.
1038 428 1225 493 HILD.
1265 429 1520 498 QUEDL.
1562 424 1800 487 WEISS,
1842 422 1933 478 ET
1974 421 2179 483 LAKE.
2221 420 2517 481 ASCHAF.
2564 421 2757 479 PARS
2796 420 3085 477 ALTERA
3121 420 3459 477 GENUINA.
3665 429 3734 482 604

1329 550 1653 607 ANNALES
1694 544 2370 605 HILDESHEIMENSES.
2413 545 2480 599 Α.
2529 544 2849 602 1134-1137.

388 678 807 752 imperatorem
831 677 1227 732 consecratur.
1250 672 1626 730 Bernhardus
1650 669 2043 728 Patherbrun-
2080 668 2128 729 Δ
2156 667 2392 767 scilicet,
2432 667 2492 723 16
2522 668 2651 724 Kal.
2703 668 2935 741 Aprilis,
2967 668 3249 741 frequens
3298 667 3621 741 principum
3654 671 3733 728 fere
3780 640 3793 779 ἶ

388 767 592 825 nensis
620 767 957 839 episcopus,
985 763 1088 836 qui
1114 766 1254 819 tunc
1284 777 1422 817 cum
1443 776 1581 831 rege
1613 760 1839 828 aderat,
1859 774 2041 814 usum

389 853 691 911 rationalis
719 853 780 907 in
810 849 1307 906 celebrationibus
1347 848 1688 917 missarum,
1713 844 2041 902 constitutis

392 940 777 1014 temporibus,
794 937 1342 994 etdedicationibus
1369 936 1792 1000 wcclesiarum,
1819 950 1923 989 seu
1952 950 2040 989 or-

391 1028 795 1086 dinationibus
810 1026 1368 1082 aacclesiasticorum
1387 1025 1707 1094 graduum,
1720 1024 1780 1079 in
1800 1022 2040 1095 proprio

391 1122 625 1175 tantum
671 1117 1019 1190 episcopatu
1068 1115 1182 1170 sibi
1238 1114 1483 1186 suisque
1536 1112 1975 1168 successoribus
2006 1128 2042 1167 a

393 1207 677 1281 praedicto
697 1222 857 1279 papa
883 1195 1221 1261 Innocentio
1251 1202 1597 1275 promeruit.
1621 1205 1755 1257 Post
1780 1202 1905 1256 haec
1936 1201 2042 1256 im-

394 1300 634 1369 perator
661 1312 799 1351 cum
848 1295 969 1349 suis
1013 1294 1160 1364 (422)
1208 1292 1267 1347 in
1314 1292 1504 1347 reditu
1553 1308 1689 1346 cum
1734 1290 1812 1346 ad
1840 1289 2040 1345 locum

394 1385 698 1457 quendam
747 1382 1025 1452 venisset,
1065 1381 1169 1453 qui
1211 1385 1453 1453 prOpter
1501 1381 1645 1435 situs
1700 1378 2040 1449 angustiam

395 1474 529 1529 Clus
558 1474 720 1544 (423),
751 1472 924 1544 quasi
972 1470 1298 1543 praeclusus
1328 1475 1573 1525 vocatur
1608 1501 1676 1509 —
1714 1468 1938 1540 quippe
1967 1484 2041 1522 ex

394 1576 516 1618 una
555 1564 721 1632 parte
767 1558 1170 1614 excelsissimo
1225 1567 1426 1613 monte
1476 1558 1806 1627 adjacente,
1840 1572 1910 1611 ex
1962 1555 2042 1610 a1-

396 1653 519 1704 tera
547 1653 711 1720 parte
741 1647 1212 1719 profundissimo
1246 1646 1489 1701 ﬂumine
1529 1651 1817 1711 currente,
1852 1645 1949 1700 via
1979 1644 2039 1700 in

395 1738 613 1804 medio,
663 1742 920 1808 quatuor
950 1752 1055 1790 seu
1102 1735 1367 1809 quinque
1415 1734 1817 1789 itinerantium
1866 1732 2043 1789 simul

396 1824 617 1895 spacio,
646 1830 881 1896 patente
908 1858 973 1865 —
1000 1830 1212 1879 etcum
1241 1824 1463 1879 ibidem
1485 1824 1762 1878 transitus
1788 1823 2041 1895 impera-

395 1913 504 1968 tori
529 1913 605 1970 ab
634 1914 844 1970 incolis
872 1919 1205 1983 negaretur,
1236 1913 1361 1986 ipse
1395 1913 1546 1969 miro
1591 1917 1805 1967 eventu
1832 1916 1887 1967 et
1916 1926 2042 1983 per-

2148 756 2327 813 totius
2351 757 2517 825 regni
2535 764 2860 815 conventus
2882 759 2947 813 ﬁt
2971 758 3135 831 apud
3152 759 3520 828 Bavenberg,
3537 760 3731 833 impera-
3782 756 3798 829 ἒ

2147 851 2271 904 tore
2303 851 2611 918 praesente.
2647 847 2730 903 Ibi
2762 848 2861 903 Dei
2892 848 3083 917 gratia
3123 847 3448 920 aspirante,
3476 849 3733 906 Fridericus
3787 866 3795 934 ι

2148 935 2270 990 dux
2288 936 2617 991 Suevorum
2635 936 3058 991 comitantibus
3082 935 3456 1009 principibus
3477 938 3532 993 in
3549 954 3734 994 concor-

2148 1023 2312 1079 diam
2344 1040 2481 1079 cum
2526 1024 2881 1096 imperatore
2934 1023 3213 1081 sociatur.
3258 1026 3322 1080 In
3353 1024 3498 1080 festo
3521 1032 3733 1099 penteco-

2149 1118 2275 1169 sten
2302 1114 2463 1186 apud
2494 1114 3001 1184 Magadeburgum
3023 1115 3287 1186 primum
3308 1115 3592 1187 principes
3613 1116 3735 1184 regni

2149 1218 2354 1258 coram
2384 1202 2740 1273 imperatore
2771 1203 3185 1259 ﬁrmissimam
3215 1219 3431 1275 pacem
3453 1204 3600 1260 do'm
3618 1204 3737 1259 foris-

2148 1308 2265 1363 que
2304 1292 2381 1347 ad
2442 1291 2505 1347 10
2554 1308 2745 1347 annos
2772 1293 3144 1362 juraverunt.
3179 1296 3243 1347 In
3284 1292 3437 1349 festo
3489 1293 3649 1351 sancti
3671 1292 3735 1348 Μί-
3792 1292 3795 1361 ἐ

2149 1382 2391 1449 chaelis,
2425 1382 2484 1436 in
2512 1382 2642 1437 loco
2668 1383 2771 1454 qui
2802 1383 3014 1438 dicitur
3038 1383 3436 1449 Melenhusen,
3467 1383 3735 1449 Conradus,

2148 1470 2325 1527 frater
2354 1471 2627 1527 Friderici
2651 1472 2840 1541 ducis,
2868 1472 3215 1544 imperatori
3244 1472 3648 1529 reconciliatur.
3794 1468 3795 1477 “

2227 1561 2667 1633 1136.1rruptio
2734 1562 3045 1618 Slavorum
3110 1561 3172 1617 in
3242 1568 3441 1634 partes
3500 1562 3734 1617 Saxonis.
3796 1599 3798 1608 .

2148 1649 2360 1704 Contra
2407 1632 2561 1721 quos
2608 1650 2955 1705 Adelbertus
3003 1632 3273 1706 marchio
3328 1650 3627 1706 exercitum
3649 1664 3738 1703 mo-
3793 1632 3798 1691 ἶ

2148 1754 2312 1801 vens,
2339 1742 2554 1793 terram
2584 1756 2791 1794 eorum
2824 1755 2947 1794 non
2978 1740 3163 1795 semel
3191 1739 3476 1795 hostiliter
3502 1737 3681 1794 invasit
3701 1741 3740 1790 et
3796 1738 3798 1743 ’

2148 1827 2549 1898 depopulatus
2580 1832 2684 1883 est.
2718 1828 2882 1883 Circa
2921 1828 3399 1901 assumptionem
3443 1831 3636 1884 sancta:
3661 1828 3741 1880 lla-

2148 1914 2249 1969 riae
2281 1915 2576 1986 expeditio
2607 1915 2983 1987 imperatoris
3012 1916 3073 1971 in
3102 1916 3377 1971 Ytaliam.

396 2002 602 2073 spicno
634 2003 733 2058 Dei
760 2003 981 2059 auxilio
1009 2004 1268 2058 eundem
1312 2002 1513 2057 locum
1541 2002 1802 2057 celeriter
1829 2001 2039 2055 irrum-
2082 2017 2120 2069 Β
2225 2002 2377 2058 1137.
2421 2004 2745 2074 Imperator
2798 2003 3057 2058 natalem
3113 2004 3368 2071 Domini,
3422 2002 3661 2060 similiter
3703 2004 3740 2054 et

395 2091 614 2162 pendo,
662 2092 880 2160 fugatis
926 2093 1196 2148 hostibus
1226 2108 1363 2147 cum
1418 2092 1540 2145 suis
1587 2090 1944 2162 pertransiit,
1981 2093 2039 2143 et

396 2179 607 2237 urbem
660 2180 720 2236 in
772 2180 1085 2252 supercilio
1138 2180 1323 2252 ipsius
1382 2179 1764 2235 excelsissimi
1822 2178 2039 2235 montis

395 2268 653 2340 positam
672 2270 981 2341 repentino
1012 2270 1239 2325 assultu
1262 2269 1434 2340 cepit,
1457 2274 1513 2323 et
1542 2268 1872 2339 principem
1893 2268 2043 2335 ejus-

397 2354 536 2413 dem
566 2356 728 2411 urbis
772 2358 1075 2428 captivum
1107 2373 1309 2411 secum
1348 2356 1614 2411 abduxit.
1647 2358 1772 2410 Duo
1820 2354 2040 2420 circuli,

398 2443 592 2512 major
620 2449 675 2498 et
709 2443 919 2512 minor,
952 2444 1106 2498 circa
1160 2443 1346 2497 solem
1397 2448 1804 2514 apparuerunt
1852 2448 1880 2497 3
1908 2441 2039 2497 Kal.

398 2530 531 2594 Julii
552 2531 707 2586 circa
730 2532 942 2587 horam
969 2531 1209 2587 terciam
1236 2550 1248 2598 ;
1276 2531 1470 2586 minor
1492 2530 1745 2585 circulus
1769 2530 2040 2589 ambiens

399 2618 720 2691 principale
771 2620 1059 2693 templum
1116 2619 1684 2677 Patherbrunnensis
1751 2619 1929 2684 sedis,
1989 2622 2044 2672 et

400 2709 592 2778 major
611 2709 989 2769 circumdans
1011 2709 1325 2775 civitatem,
1340 2708 1562 2765 ibidem
1584 2707 2041 2763 consistentibus

397 2796 727 2855 videbatur.
767 2799 907 2869 Ipsa
953 2799 1068 2868 die,
1096 2799 1245 2854 hora
1273 2799 1323 2861 9,
1356 2798 1552 2869 ipsum
1586 2798 1874 2867 templum
1905 2813 2041 2850 cum

398 2886 561 2944 omni
589 2884 708 2940 fere
734 2885 985 2952 civitate,
1004 2888 1153 2958 proh
1181 2886 1352 2941 dolor
1378 2888 1388 2942 1
1423 2886 1698 2943 incendio
1715 2884 2043 2953 conﬂagra-

396 2973 496 3031 vit.
530 2974 793 3046 Eclypsis
822 2975 963 3030 solis
992 2976 1145 3031 facta
1172 2980 1260 3030 est
1308 2979 1339 3030 4
1389 2978 1536 3030 Non.
1590 2974 1839 3041 Augusti
1886 2974 2044 3027 circa

398 3063 609 3121 horam
653 3069 903 3131 sextam,
936 3065 995 3120 in
1028 3068 1257 3121 tantum
1285 3069 1347 3119 ut
1377 3064 1555 3119 stellae
1586 3064 1645 3118 in
1676 3063 1824 3117 coelo
1855 3079 2047 3135 appa-_

398 3156 610 3208 rerent.
642 3155 852 3220 Magna
878 3153 1248 3224 inaequalitas
1266 3153 1415 3208 aeris
1437 3156 1493 3207 et
1512 3152 1849 3223 pluviarum
1871 3151 2044 3209 inun-

399 3240 562 3297 datio
586 3256 692 3311 per
715 3245 903 3297 totum
935 3245 1172 3312 tempus
1202 3241 1413 3296 messis
1448 3240 1766 3295 subsecuta
1795 3243 1899 3293 est.
1926 3242 2044 3294 Rex

2151 2093 2394 2163 pascha,
2429 2092 2487 2146 in
2540 2092 2702 2147 Italia
2744 2093 3022 2161 celebrat,
3052 2097 3434 2164 pentecosten
3458 2106 3590 2146 vero
3617 2086 3740 2159 apud

2154 2182 2366 2235 Barum
2411 2195 2547 2232 cum
2599 2178 2857 2245 generali
2914 2178 3252 2235 Italicorum
3297 2178 3633 2250 principum.
3683 2173 3741 2227 lbi

2152 2267 2347 2321 Bruno
2379 2266 2743 2320 Caloniensis
2777 2266 3263 2338 archiepiscopus
3295 2266 3468 2329 obiit;
3502 2263 3587 2319 cui
3612 2262 3740 2327 Hugc

2151 2355 2414 2411 deeanus
2442 2354 2627 2409 sancti
2649 2355 2799 2409 Petri
2821 2356 3128 2422 successit,
3147 2354 3251 2425 qui
3278 2358 3333 2409 et
3356 2353 3479 2425 ipse
3499 2356 3618 2424 post
3636 2364 3743 2421 pau-

2153 2458 2253 2496 cos
2300 2441 2427 2495 .lies
2478 2442 2701 2496 ibidem
2753 2442 2916 2496 obiit.
2972 2442 3057 2496 lbi
3110 2441 3294 2497 ambo
3334 2440 3545 2497 conditi
3568 2440 3739 2509 iacent.

2154 2531 2430 2602 Princeps
2461 2531 2686 2602 Apuliae
2730 2531 2903 2585 Rozir
2943 2531 3210 2599 nomine,
3243 2531 3322 2586 ob
3356 2531 3520 2600 cujus
3545 2526 3744 2584 insolen-

2156 2619 2295 2674 tiam
2322 2620 2579 2673 maxime
2609 2620 2929 2690 imperator
2959 2618 3188 2675 Italiam
3235 2619 3568 2684 intraverat,
3591 2611 3745 2669 statuit

2154 2714 2413 2764 castrum
2445 2708 2584 2762 satis
2614 2708 2912 2763 munitum
2942 2708 3003 2764 in
3035 2708 3164 2780 ipso
3193 2708 3381 2765 latere
3419 2704 3644 2763 civitatis
3668 2704 3745 2757 Ba-

2152 2815 2272 2864 rce;
2330 2798 2392 2853 in
2442 2796 2607 2867 quod
2657 2801 2923 2852 castrum
2970 2796 3417 2852 multitudinem
3453 2793 3745 2867 praedarum

2153 2886 2558 2951 collocaverat,
2592 2886 2695 2956 qui
2726 2891 2877 2941 terra
2915 2886 3210 2957 marique,
3242 2884 3530 2957 quicquid
3558 2880 3749 2947 attinge~

2152 2993 2212 3030 re
2244 2979 2535 3046 poterant,
2566 2974 2846 3030 inauditis
2878 2974 3129 3030 miseriis
3160 2978 3217 3030 et
3247 2971 3667 3031 calamitatibus
3692 2982 3749 3021 re-

2153 3065 2356 3134 giones
2378 3062 2826 3135 opprimebant.
2864 3062 3047 3119 Simili
3075 3062 3261 3119 modo
3310 3080 3420 3135 per
3460 3066 3631 3117 totam
3667 3056 3749 3111 fere

2154 3153 2379 3209 Italiam
2410 3152 2644 3207 fecerat.
2675 3155 3010 3207 Pentecoste
3036 3151 3338 3207 celebrato
3367 3152 3669 3223 imperator
3684 3160 3749 3200 ca.

2154 3247 2339 3297 strum
2369 3257 2509 3295 cum
2532 3240 2787 3295 exercitu
2815 3240 3175 3306 circumdat;
3206 3240 3379 3311 quod
3408 3238 3586 3295 nimio
3612 3234 3749 3291 sude

404 3331 700 3383 Danorum
769 3328 1039 3399 pluribus
1103 3329 1349 3383 advenis
1424 3327 1761 3383 Teutonicis
1826 3332 2041 3384 terram
2081 3358 2121 3409 ο
2151 3346 2212 3385 re
2243 3344 2615 3401 expugnans,
2648 3328 2769 3397 igni
2797 3328 2973 3384 tradit
3002 3328 3249 3401 soloque
3282 3332 3552 3401 coequat.
3582 3322 3752 3380 Przrdc

399 3432 574 3473 suam
600 3415 996 3476 incolentibus
1028 3417 1426 3472 truncationes
1450 3416 1857 3471 membrorum
1884 3417 2038 3474 facit.

401 3505 521 3560 Hac
550 3504 624 3559 de
654 3521 834 3563 causa
863 3505 1186 3577 imperator
1211 3521 1389 3577 super
1425 3520 1562 3563 eum
1607 3506 2044 3577 expeditionem

400 3609 640 3650 movere
679 3594 945 3656 intendit.

475 3682 627 3739 1134.
669 3687 993 3755 Imperator
1021 3684 1245 3755 pascha
1296 3683 1641 3739 Halverstad
1679 3683 1925 3755 peragit.
1960 3684 2044 3738 Ibi

398 3786 500 3825 rex
531 3773 832 3834 Danorum
879 3771 1141 3841 veniens,
1173 3787 1300 3826 sese
1324 3770 1385 3825 in
1418 3776 1768 3843 potestatem
1794 3770 2046 3843 impera-

400 3859 537 3921 toris
565 3860 757 3929 tradit,
785 3859 1142 3931 obsidesque
1185 3859 1307 3926 dat,
1336 3860 1744 3929 juramentum
1789 3859 1945 3927 facit,
1981 3876 2042 3914 se

399 3963 889 4019 successoresque
918 3964 1059 4002 suos
1094 3947 1329 4002 nonnisi
1352 3947 1647 4019 permissu
1667 3947 2042 4019 imperatoris

398 4052 933 4107 successorumque
962 4051 1207 4095 suorum
1256 4052 1508 4105 regnum
1547 4037 1942 4108 adepturum;
1990 4042 2047 4092 et

398 4123 649 4196 pulchro
679 4124 1039 4195 spectaculo,
1067 4124 1245 4181 nullis
1276 4130 1430 4180 retro
1474 4125 1844 4196 temporibus
1875 4126 2043 4187 audi-

397 4215 478 4278 to,
509 4211 640 4283 ipso
671 4216 874 4269 sancto
904 4212 997 4267 die
1028 4214 1263 4284 paschae
1289 4212 1448 4273 idem
1483 4230 1583 4269 rex
1614 4217 1938 4281 Danorum,
1957 4230 2045 4270 re-

400 4299 497 4369 gio
525 4316 692 4357 more
720 4304 1059 4365 coronatus,
1091 4317 1294 4357 coram
1324 4306 1611 4357 coronato
1637 4302 1711 4355 de
1742 4317 1908 4356 more
1938 4302 2044 4357 im-

398 4394 668 4462 peratore
698 4390 965 4459 gladium
982 4390 1170 4462 ipsius
1196 4395 1408 4461 portat.
1436 4393 1500 4445 Et
1520 4390 1601 4446 sic
1628 4390 1687 4447 in
1715 4391 1907 4460 gratia
1934 4391 2044 4446 ἰω-

400 4477 692 4550 peratoris
740 4478 1099 4551 repatriavit.
1150 4478 1494 4535 Nortbertus
1541 4478 2042 4547 Nagedeburgen-

400 4566 481 4623 sis
510 4567 991 4640 archiepiscopus
1033 4567 1197 4633 obiit,
1231 4567 1326 4623 cui
1371 4568 1680 4625 Conradus
1734 4568 2036 4624 successit.

2151 3434 2256 3474 nes
2283 3417 2717 3489 comprehensi,
2740 3416 3015 3488 suspensi
3050 3421 3189 3471 sunt
3218 3418 3382 3473 circa
3411 3416 3611 3473 turrim
3628 3426 3754 3469 exus-

2153 3512 2295 3574 tam,
2324 3522 2574 3562 numero
2602 3506 2909 3577 quingenti
2954 3506 3047 3561 vel
3094 3522 3167 3561 eo
3211 3507 3497 3579 amplius.
3537 3507 3652 3570 Quo
3674 3508 3754 3556 ter-

2151 3612 2282 3651 rore
2342 3595 2537 3650 omnis
2603 3595 2827 3661 civitas,
2890 3595 3089 3650 omnis
3166 3596 3451 3663 munitio,
3512 3593 3667 3664 regis:
3713 3602 3754 3642 se

2151 3684 2423 3757 potestati
2440 3683 2633 3738 tradit.
2663 3684 2805 3738 Exin
2832 3683 3157 3756 imperator
3176 3684 3239 3739 in
3263 3684 3599 3742 Calabriam
3619 3687 3757 3735 trans

2151 3774 2272 3829 ivit.
2306 3772 2391 3828 Ibi
2431 3772 2607 3840 legati
2652 3774 2990 3827 Graecorum
3033 3772 3109 3828 ad
3149 3788 3297 3828 eum
3348 3770 3652 3843 magniﬁce
3690 3781 3756 3820 ve—

2152 3862 2341 3927 niunt,
2373 3877 2523 3932 quos
2572 3860 2697 3932 ipse
2730 3860 3209 3930 magniﬁcentius
3242 3862 3511 3934 suscepit
3548 3876 3609 3915 ac
3636 3855 3759 3913 dimi.

2155 3951 2246 4005 sit.
2281 3949 2630 4004 Adelbertus
2684 3949 3055 4017 Mogontinus
3103 3949 3599 4023 archiepiscopus
3623 3946 3757 4007 obiit;

2153 4042 2291 4110 post
2319 4038 2488 4107 cujus
2514 4037 2743 4092 obitum
2771 4036 2973 4092 civitas
3002 4053 3126 4093 una
3155 4053 3303 4092 cum
3337 4032 3647 4111 principali
3662 4040 3761 4089 tem,

2154 4127 2253 4199 plo
2284 4126 2419 4196 igne
2445 4130 2825 4181 concremata
2846 4130 2951 4180 est.
2984 4126 3269 4197 Marchyo
3301 4119 3758 4191 Adelbertus,ch

2152 4214 2302 4271 lecta
2330 4213 2527 4273 valida
2574 4229 2782 4280 manu,
2813 4213 3077 4283 hyemali
3108 4219 3391 4286 tempore
3440 4220 3647 4270 terram
3683 4207 3761 4261 Sla~

2155 4318 2364 4359 vorum
2414 4300 2864 4372 praedabundus
2902 4301 3314 4373 perambulat.
3361 4304 3761 4375 Imperator,»

2154 4393 2268 4448 bus
2318 4392 2377 4445 in
2418 4390 2583 4445 Italia
2629 4390 2997 4461 compositis,
3027 4390 3091 4445 in
3141 4392 3285 4462 ipso
3340 4394 3537 4448 mditu
3588 4395 3618 4445 2
3656 4389 3758 4441 Non.

2150 4478 2491 4535 Decembris
2523 4477 2703 4545 obiit;
2756 4493 3097 4550 corpusque
3150 4480 3290 4549 ejus
3330 4481 3597 4537 delatum
3626 4478 3673 4531 in
3698 4487 3761 4544 ρι’

2150 4568 2323 4623 triam
2354 4565 2635 4637 sepelitur
2670 4566 2833 4634 regio
2872 4582 3039 4622 more
3090 4566 3151 4622 in
3181 4568 3526 4627 hereditate
3548 4574 3758 4641 paterna

472 4656 624 4712 1135.
660 4656 966 4712 Dominica
1009 4661 1145 4713 ante
1186 4656 1450 4712 mediam
1487 4656 2034 4727 quadragesimam,
2079 4655 2120 4707 D
2150 4656 2212 4717 in
2239 4656 2372 4711 loco
2400 4655 2504 4726 qui
2531 4654 2744 4710 dicitur
2774 4655 3089 4711 Lutheron.

469 4831 612 4902 (422)
659 4847 671 4886 :
698 4850 711 4888 :
739 4852 752 4889 ε
781 4853 793 4890 :
829 4832 923 4888 uis
944 4833 1166 4903 codex;
1194 4848 1333 4888 cum
1360 4831 1481 4887 suis
1506 4848 1581 4889 ex
1600 4833 1826 4889 Annal.
1851 4834 2040 4889 Saxo-

399 4917 473 4957 ne
499 4905 748 4967 restitui.

2216 4830 2369 4953 (421311
2403 4829 2653 4885 Clausen
2696 4828 2775 4884 ad
2820 4829 3071 4885 ﬂuvium
3127 4833 3401 4907 Eysack,
3447 4834 3600 4891 inim
3640 4825 3761 4883 Bm,

2216 4918 2296 4953 Lm
2376 4900 2731 4953 vrolensem.

2150 4900 2296 4963 nam
2324 4900 2731 4974 Tyrolensem.
