3874 6382
63 329 3434 365 W

1313 484 1509 537 ANNO
1563 482 1828 534 DOMINI
1885 482 2137 533 MXXIX

1461 669 1994 817 DUDO

695 989 1178 1076 DECANUS
1235 990 1332 1075 S.
1400 985 1802 1092 QUENTI
1863 985 2765 1074 VlROMANllENSIS

1089 1319 1583 1425 NOTITIA
1669 1318 2358 1430 HISTORICA.

36 1552 244 1622 (Painz,
288 1553 669 1608 Morzi/menta
710 1553 1041 1608 Germania?
1085 1551 1388 1618 historica,
1441 1546 1646 1618 Script.
1700 1550 1842 1622 t_om.
1896 1551 1979 1611 IV,
2032 1564 2168 1619 pag.
2222 1553 2310 1616 93,
2357 1566 2605 1621 procem.
2667 1549 2743 1604 ad
2796 1549 3056 1604 Dudonis
3107 1548 3424 1604 Historiam

1122 1617 1621 1683 Normannorum,
1655 1617 1866 1673 edente
1902 1622 1961 1673 υ.
1997 1617 2057 1675 ΟΖ
2094 1623 2326 1690 Wurz.)

97 1914 277 1983 Dudo,
316 1915 639 1970 canonicus
683 1921 737 1970 et
777 1921 981 1987 postea
1012 1915 1275 1970 decanus
1306 1916 1360 1970 S.
1407 1911 1663 1976 Quintini

26 2002 516 2063 Viromandensis.
543 2003 849 2074 quomodo
879 2003 953 2058 ad
980 2007 1459 2058 Normannorum
1488 2000 1666 2053 histo—

23 2091 162 2146 riam
195 2093 684 2148 conscribendam
717 2094 788 2148 sit
815 2094 1130 2161 adductus,
1162 2093 1292 2163 ipse
1320 2091 1663 2164 praefatione

23 2181 90 2234 ad
121 2180 549 2236 Adalberonem
574 2183 925 2254 episcopum
959 2183 1413 2238 Laudunensem
1443 2179 1664 2234 directa

23 2271 335 2341 proﬁtetur.

88 2359 345 2414 Historia:
378 2359 554 2427 igitur
584 2361 909 2415 scribendae
942 2377 1161 2415 munus
1193 2359 1480 2414 Richardo
1509 2363 1524 2412 I
1557 2358 1662 2412 du-

23 2465 78 2502 ce
118 2450 249 2503 vivo
280 2454 642 2520 susceptum,
674 2454 809 2522 post
853 2451 981 2524 ejus
1013 2455 1286 2519 mortem,
1316 2465 1450 2520 quae
1479 2464 1513 2503 a
1547 2449 1659 2501 Du-

24 2537 169 2592 rlone
226 2537 282 2591 in
316 2554 368 2595 a.
422 2543 576 2602 1002,
605 2540 682 2594 ab
712 2539 840 2594 aliis
870 2541 942 2610 (I‘)
991 2540 1049 2594 in
1083 2556 1135 2594 a.
1171 2542 1271 2592 996
1315 2538 1658 2598 collocatur,

22 2632 97 2682 est
144 2631 492 2693 exsecutus;
543 2628 647 2682 sed
678 2645 799 2700 quo
833 2644 992 2683 anno
1038 2643 1190 2699 Opus
1233 2625 1466 2686 ﬁnierit,
1514 2640 1658 2677 nus-

22 2731 198 2785 111am
245 2715 541 2770 indicavit.
578 2716 747 2781 Quod
777 2720 975 2770 tamen
1007 2722 1141 2786 post
1183 2731 1238 2768 a.
1274 2714 1404 2766 1015
1437 2711 1659 2774 factum

21 2803 83 2857 sit
134 2806 380 2873 oportet.
431 2819 568 2858 cum
614 2805 725 2858 hoc
775 2819 934 2858 anno
984 2803 1150 2858 Dudo
1190 2800 1461 2856 nondum
1506 2802 1662 2854 esset

31 2892 276 2948 lecanus
309 2894 404 2960 ('2).
442 2895 624 2964 Opus,
651 2893 811 2964 quod
846 2893 1021 2947 etiam
1045 2890 1335 2946 Richardo
1361 2889 1519 2953 duci,
1555 2891 1660 2942 Ro-

28 2980 175 3038 lulfo
216 2980 431 3047 comiti,
465 2986 520 3036 et
553 2981 802 3038 Roberto
846 2981 1291 3053 archiepiscopo
1339 2978 1657 3034 Rothoma-

21 3069 175 3137 ζεῖ)ςί
207 3069 501 3142 inscripsit
531 3072 628 3139 (3),
663 3071 850 3125 tribus
876 3070 1041 3125 libris
1073 3073 1144 3139 (4)
1171 3067 1430 3137 digessit,
1465 3066 1658 3137 primo
1699 3110 1740 3163 Β

20 3158 255 3225 tstingi,
305 3159 568 3213 secundo
628 3159 882 3213 Rollonis
930 3175 1022 3213 res
1079 3158 1330 3213 breviter
1377 3154 1656 3228 perstrin-

19 3265 174 3317 gens,
228 3248 392 3302 tertio
438 3248 719 3303 VVillelmi
771 3253 826 3303 et
857 3248 1128 3303 Hichardi
1177 3247 1424 3302 historia
1470 3245 1658 3299 fusius

20 3336 292 3408 exposita.
326 3339 433 3391 Res
463 3353 615 3409 quas
647 3338 908 3392 narravit
934 3338 1193 3393 maxime
1225 3356 1260 3393 a
1292 3337 1540 3394 Rodulfo
1568 3353 1659 3392 eo-

19 3426 143 3480 nite
177 3441 239 3478 se
266 3427 564 3496 accepisse
595 3431 839 3480 testatur
869 3429 945 3494 (ii)
972 3446 983 3492 ;
1017 3427 1207 3481 fontes
1242 3427 1493 3498 scriptos
1526 3425 1656 3480 nul-

19 3532 86 3567 os
115 3513 359 3570 indicat.
397 3515 531 3569 Ideo
579 3516 703 3570 fieri
735 3531 855 3569 non
887 3516 1079 3586 potuit
1107 3516 1252 3586 quin
1306 3515 1523 3570 multos
1568 3531 1656 3570 er-

23 3620 166 3658 ores
221 3604 597 3670 commiserit,
652 3609 938 3675 tempora,
992 3621 1278 3674 personas
1324 3610 1657 3659 commuta-

19 3688 168 3756 erit,
198 3686 449 3758 aliisque
482 3687 715 3742 mendis
751 3688 1150 3742 narrationem
1197 3704 1372 3743 suam
1398 3687 1660 3748 macula-

26 3778 161 3832 erit.
197 3778 343 3831 Cum
375 3782 654 3847 praeterea
699 3777 995 3832 orationes
1059 3777 1276 3831 multas
1322 3777 1652 3848 inseruerit,

30 3866 426 3937 eseriptiones
455 3883 653 3921 rerum
685 3872 740 3921 et
768 3883 1161 3938 personarum
1215 3883 1371 3938 szepe
1403 3866 1656 3921 invenis-

19 3973 46 4010 e
101 3960 162 4010 et
215 3955 443 4025 poetico
495 3973 658 4011 more
706 3973 1025 4011 exornasse
1079 3956 1362 4020 videatur,
1396 3955 1652 4016 fuerunt,

25 4046 87 4099 ui
146 4043 349 4115 potius
417 4043 759 4099 fabularum
804 4061 988 4116 quam
1057 4061 1255 4099 rerum
1307 4044 1653 4116 scriptorem

31 4134 313 4187 udonem
350 4133 683 4202 judicarent
734 4135 980 4206 ejusque
1029 4134 1247 4188 librum
1279 4134 1497 4189 nullius
1527 4150 1655 4188 esse

20 4218 362 4276 uctoritatis
405 4226 682 4292 putarent
711 4222 804 4291 (6).
841 4221 1011 4287 Quod
1054 4227 1252 4276 tamen
1283 4222 1655 4278 levissimum

23 4311 90 4365 iit
132 4308 457 4380 judicium.
503 4313 647 4364 Nam
680 4311 952 4382 quamvis
991 4326 1112 4366 non
1145 4311 1268 4366 sine
1314 4328 1499 4367 causa
1527 4313 1654 4368 haec

20 4399 94 4453 )Si
154 4396 538 4466 objiciantur,
596 4401 873 4470 quamvis
926 4400 1130 4472 populi
1182 4417 1385 4456 amore
1438 4401 1653 4456 ductus

20 4505 71 4542 es
109 4484 195 4540 ab
223 4501 296 4540 eo
324 4492 520 4554 gestas
551 4504 706 4559 szepe
736 4489 910 4542 nimis
950 4489 1316 4560 amplificare
1362 4491 1650 4557 videatur,

20 4596 25 4631 ι
74 4579 378 4647 praeterea
409 4593 682 4632 sermone
728 4583 926 4632 utatur
959 4578 1184 4633 tumido
1215 4584 1392 4651 atque
1423 4580 1650 4648 inﬂato,

19 4663 267 4722 arsibus
322 4664 622 4729 inanibus,
681 4667 950 4721 obscuris
1007 4673 1062 4722 et
1118 4668 1414 4722 interdum
1473 4669 1650 4723 nimis

19 4753 327 4811 uerilibus
373 4754 593 4810 librum
637 4759 844 4824 gravet
894 4761 1071 4828 atque
1118 4757 1409 4813 deformet
1455 4758 1652 4829 potius

36 5007 130 5076 (1)
165 5002 678 5077 Cf.AL_appenberg
699 5003 834 5059 Hist.
864 5003 1034 5074 Angl.
1069 5009 1133 5074 II,
1167 5021 1225 5077 p.
1261 5010 1346 5062 34.

31 5074 128 5146 (2)
160 5074 466 5136 Mabillon.
495 5079 646 5131 Ann.
684 5077 768 5142 IV,
800 5079 923 5132 244.

29 5151 48 5205 (
63 5154 99 5204 3
114 5161 129 5214 )
165 5147 229 5200 V.
268 5146 643 5221 praefationes
689 5151 745 5202 et
787 5147 1053 5203 carmina
1101 5164 1198 5221 ap.
1249 5147 1647 5202 Duchesnium

19 5265 24 5275 .
71 5221 292 5290 Norm.
326 5220 422 5273 SS.
457 5234 511 5290 p.
551 5219 613 5290 7517
650 5234 816 5290 seqq.

25 5293 126 5346 (4)
163 5288 474 5360 Fortasse'
499 5288 789 5344 Richardi‘
815 5289 1059 5344 historia
1096 5294 1378 5360 quartum
1426 5288 1648 5344 librum

19 5362 216 5438 dcere
266 5359 466 5423 debet,
511 5360 734 5431 quippe
783 5361 874 5415 cui
904 5359 1279 5431 prmfationes
1311 5377 1482 5416 novae
1533 5361 1651 5418 sint

20 5447 344 5486 tramissum

21 5502 218 5574 (iiiP.
396 5500 603 5554 Versus
651 5501 732 5556 ad
779 5503 1042 5557 comitem
1087 5501 1413 5572 Rodat/um
1469 5505 1648 5574 hujus

20 5572 167 5628 eris
204 5571 530 5624 relatorem
562 5585 582 5624 .°

19 5647 356 5720 [jus-quae
390 5645 668 5720 constant
704 5641 856 5720 libro
887 5643 1008 5720 h_oc_
1049 5647 1408 5720 conscripta,
1438 5645 1644 5702 relatu.

19 5714 206 5787 gessi
249 5714 555 5782 attonitus,
583 5714 892 5785 tremulus,
917 5715 1123 5786 hebes,
1147 5714 1642 5791 anxius,anceps.

1775 1929 1960 1984 quam
2008 1920 2269 1976 exornet.
2310 1916 2699 1971 nihilominus
2750 1916 2935 1972 multa
2964 1915 3223 1971 continet
3249 1915 3424 1970 mini-

1775 2018 1869 2055 me
1898 2004 2252 2074 spernenda.
2278 2004 2446 2058 Dudo
2477 2004 2693 2060 litteras
2739 2005 2845 2059 fuit
2873 2005 3021 2059 bene
3059 2004 3290 2073 doctus,
3320 2003 3424 2075 qui

1774 2092 1950 2146 etiam
1985 2095 2197 2148 Graecae
2229 2094 2445 2159 linguae
2475 2094 2874 2162 cognitionem
2907 2094 3169 2149 habebat
3196 2094 3423 2165 plures-

1772 2197 1889 2251 que
1921 2182 2288 2252 antiquitatis
2316 2188 2520 2253 poetas
2548 2183 2770 2251 legerat
2801 2187 2869 2252 (7)
2893 2201 2906 2250 ;
2941 2198 3174 2254 semper
3203 2188 3423 2248 tamen,

1773 2271 2068 2325 modestia
2098 2271 2342 2327 fortasse
2375 2273 2669 2336 affectata,
2722 2290 2780 2327 se
2833 2272 3063 2327 muneri
3110 2271 3424 2343 imparem,

1774 2359 1949 2412 nimis
1979 2359 2342 2431 imperitum,
2371 2360 2630 2416 debilem
2657 2367 2834 2433 atque
2866 2360 3255 2416 infacundum
3289 2375 3426 2431 pro-

1773 2447 1962 2501 fessus
1993 2452 2098 2500 est.
2136 2452 2240 2502 Res
2281 2465 2421 2503 vero
2460 2450 2887 2504 Normannicas
2920 2448 3214 2503 uberrime
3242 2462 3427 2518 expo-

1772 2536 1904 2600 suit,
1929 2552 2231 2607 nusquam
2263 2537 2434 2593 valde
2467 2553 2501 2590 a
2536 2553 2674 2591 vero
2701 2538 3018 2602 aberravit,
3051 2537 3154 2590 sed
3190 2541 3252 2590 ut
3277 2539 3425 2607 Lap-

1770 2623 2037 2694 penberg
2086 2639 2277 2694 nuper
2306 2624 2506 2678 docuit
2537 2629 2632 2690 (8),
2668 2641 2804 2678 cum
2837 2625 2964 2678 aliis
3008 2623 3268 2678 fontibus
3300 2623 3423 2694 ple-

1768 2728 2022 2782 rumque
2072 2711 2380 2776 convenit;
2413 2728 2548 2782 quae
2589 2711 2823 2766 fabulas
2861 2712 3148 2779 redolent,
3181 2715 3307 2765 tum
3351 2727 3423 2766 ex

1771 2799 1979 2871 priscis
2028 2803 2506 2854 Normannorum
2553 2800 2916 2855 carminibus
2957 2799 3248 2868 hausisse,
3296 2804 3422 2854 tum

1770 2907 1841 2944 ex
1872 2905 1971 2944 ore
2025 2890 2255 2944 comitis
2309 2889 2537 2944 Rodulﬁ
2581 2890 2952 2961 aliorumque
2997 2889 3280 2959 virorum,
3319 2887 3424 2960 qui

1769 2978 1948 3032 rebus
1978 2977 2378 3042 interfuerant,
2414 2979 2715 3050 accepisse
2747 2978 3050 3050 putandus
3081 2981 3185 3047 est,
3219 2981 3276 3032 et
3303 2982 3424 3040 tam

1768 3066 1859 3120 his
1881 3083 2068 3139 quam
2095 3067 2224 3121 aliis
2266 3065 2408 3122 locis
2443 3083 2638 3124 mores
2682 3067 3076 3140 habitumque
3106 3066 3312 3139 populi
3343 3065 3427 3120 lu-

1770 3161 1968 3211 center
1991 3157 2300 3229 descripsit
2330 3162 2385 3212 et
2428 3159 2598 3228 quasi
2629 3157 2926 3212 coloribus
2959 3156 3181 3225 vegetis
3215 3155 3422 3228 pinxit.

1772 3245 1907 3299 Ideo
1938 3245 2127 3316 ipsius
2179 3245 2394 3300 librum
2428 3261 2550 3300 non
2580 3246 2788 3301 dubito
2830 3246 2975 3317 quin
3020 3246 3169 3300 inter
3209 3246 3426 3316 pretio-

1769 3333 1926 3387 siora
1984 3335 2161 3403 hujus
2209 3334 2319 3390 aevi
2376 3340 2767 3394 monumenta
2823 3340 3090 3406 reputem
3134 3353 3146 3400 ;
3198 3337 3255 3388 et
3308 3333 3426 3388 fere

1768 3422 2018 3486 dignum
2050 3423 2310 3494 putarim
2341 3424 2444 3493 qui
2490 3423 2718 3491 integer
2762 3424 2820 3477 in
2850 3423 3242 3479 Monumentis
3287 3423 3426 3477 ede-

1769 3515 1946 3564 retur.
1981 3513 2124 3565 Cum
2158 3517 2358 3564 tamen
2394 3511 2600 3580 paucis
2632 3515 2862 3564 tantum
2892 3510 3035 3563 locis
3066 3526 3159 3564 res
3189 3513 3428 3566 Germa-

1768 3599 1931 3653 nicas
1960 3598 2226 3667 tetigerit,
2244 3614 2409 3652 novae
2441 3598 2715 3652 editionis
2740 3613 2770 3650 e
2797 3597 3101 3651 codicibus
3128 3597 3425 3653 adornan-

1767 3687 1859 3742 dze
1887 3703 2094 3742 curam
2130 3686 2616 3741 France-Gallicis
2648 3686 3058 3757 relinquimus,
3087 3685 3424 3754 fragmenta

1765 3792 1928 3845 vero,
1960 3792 2094 3848 quae
2126 3792 2217 3830 res
2247 3775 2323 3830 ab
2368 3777 2576 3830 Ottone
2628 3778 2837 3844 Magno
2870 3778 3064 3843 gestas
3108 3774 3419 3842 illustrant,

1767 3868 1880 3922 hoc
1905 3866 2037 3921 loco
2068 3866 2420 3922 exhibemus
2449 3868 2566 3932 (8').
2619 3866 2801 3921 Etiam
2844 3865 2991 3932 I‘uec,
3024 3865 3302 3938 quamvis
3332 3883 3423 3922 er-

1765 3956 2002 4012 roribus
2032 3957 2396 4028 quibusdam
2429 3972 2692 4028 aspersa,
2724 3956 2894 4028 plura
2925 3956 3228 4012 continent
3253 3961 3424 4012 nota-

1766 4051 1829 4102 tu
1855 4047 2058 4117 digna.
2091 4064 2140 4102 e.
2177 4064 2262 4112 gr.
2296 4064 2433 4118 quae
2480 4046 2554 4101 de
2586 4051 2884 4102 conventu
2928 4047 3084 4115 regis
3115 4047 3342 4103 Ottonis
3371 4050 3429 4102 et

1765 4135 1937 4190 ducis
1980 4135 2280 4203 Willelmi,
2327 4136 2398 4189 de
2450 4135 2797 4190 Harmanno
2849 4136 3154 4190 Saxonum
3206 4133 3359 4189 duce
3389 4150 3425 4189 a

1768 4223 1947 4278 Danis
1977 4229 2171 4296 capto,
2223 4224 2296 4278 de
2343 4224 2654 4278 obsidione
2689 4223 2851 4277 urbis
2904 4223 3419 4292 Rhotomagensis,

1767 4313 2016 4385 aliisque
2038 4315 2390 4368 referuntur.

1835 4405 2079 4457 Textum
2104 4417 2139 4456 a
2166 4401 2497 4455 Duehesnio
2520 4401 2696 4471 (Hist.
2723 4403 2927 4455 Norm.
2952 4402 3061 4454 SS.
3088 4400 3338 4468 antiqui,
3359 4414 3418 4470 p.

1767 4493 1980 4559 51-159)
2012 4507 2084 4544 ex
2116 4490 2354 4544 duobus
2404 4490 2734 4555 codicibus,
2770 4490 3093 4556 Sirmundi,
3119 4490 3248 4558 jam
3281 4486 3420 4542 Mid-

1764 4580 1944 4635 (Ilehil
1989 4579 2272 4634 asservati
2321 4581 2412 4648 (9),
2461 4584 2516 4633 et
2566 4581 2626 4633 F.
2672 4577 2970 4632 Ambrosii
3018 4576 3264 4640 editum,
3307 4591 3421 4647 ope

1764 4669 1984 4724 codicis
2017 4666 2508 4735 Bothomagensis
2534 4666 2668 4734 (I0),
2707 4665 2849 4720 olim
2870 4666 2925 4719 8.
2969 4663 3114 4720 Petri
3137 4663 3212 4718 de
3251 4665 3420 4718 Gem-

1762 4758 2010 4824 meticis,
2060 4757 2213 4812 mbr.
2262 4773 2307 4811 s.
2355 4771 2434 4810 xu
2477 4755 2616 4820 inc.,
2649 4754 2775 4820 fol.,
2808 4758 3081 4809 accurate
3127 4757 3184 4808 et
3227 4752 3421 4808 laxius

1835 5007 1909 5078 (6)
1939 5005 2178 5062 Vossius
2205 5008 2301 5078 _De
2347 5003 2488 5062 Hist.
2524 5007 2644 5062 Lat.
2678 5019 2737 5076 p.
2772 5006 2892 5059 356.
2925 5002 3113 5078 Rivet_
3135 5001 3277 5078 Hist.
3309 4999 3417 5078 litt.

1760 5071 1872 5154 VII,
1893 5071 1964 5150 'p.
1993 5081 2116 5134 237.
2140 5076 2234 5154 pf.
2271 5077 2539 5150 Bouquet
2569 5071 2984 5154 VI_II,_p._x§iv,
3014 5072 3117 5146 qui
3153 5071 3419 5154 singula-

1769 5092 1872 5144 vu,
1906 5092 2116 5150 p.231.
2151 5092 2234 5133 ut.
2272 5092 2539 5150 bouquet
2575 5092 2702 5140 vm,
2785 5117 2795 5128 .
2828 5092 2965 5128 xxxv
3014 5092 3117 5146 qui
3153 5092 3419 5142 Singula-

1833 5164 2028 5226 errore
2059 5147 2378 5226 epitomen,
2403 5163 2587 5226 quam
2618 5092 3126 5226 feciFGuillelmus
3153 5146 3420 5226 Gemme-

1760 5220 2014 5285 ticensis,
2050 5215 2275 5274 auctori
2304 5215 2738 5290 prmferendam
2774 5232 2918 5290 esse
2929 5215 3238 5284 judicavit.

1831 5295 1909 5358 (7)
1939 5290 2240 5358 Virgilium
2277 5288 2332 5344 et
2368 5289 2644 5345 Ovidium
2678 5288 2802 5360 ipse
2835 5288 3024 5342 affert.

1857 5365 1910 5428 8)
1942 5362 2085 5417 Hist.
2119 5360 2290 5428 Angl.
2328 5362 2393 5431 II,
2426 5376 2483 5432 p.
2510 5364 2612 5433 3743
2640 5358 2902 5418 et‘antea
2926 5358 3176 5433 passim.

1852 5434 1924 5502 8‘)
1956 5437 2200 5489 Textum
2229 5429 2526 5501 integrum
2553 5431 2770 5488 damus
2798 5448 2870 5487 ex
2913 5429 3268 5488 Duehesnio.
3301 5433 3424 5490 EDI-

1759 5521 1862 5560 TOR
1893 5507 2277 5559 PATIIOLOGDE.

1831 5575 2178 5658 regalem};
2211 5576 2318 5641 vn,
2339 5577 2532 5658 p.99.

1829 5645 1943 5719 (I0)
1976 5651 2055 5704 De
2084 5647 2212 5704 aliis
2242 5645 2552 5707 codicibus
2580 5661 2637 5702 ν.
2667 5645 2898 5705 Archiv.
2931 5647 3046 5716 VII,
3075 5661 3138 5719 p.
3164 5646 3291 5704 419.
