3968 6346
429 239 532 292 607

1424 235 1735 292 DUDONIS
1771 235 2026 291 DECANI
2059 232 2116 290 S.
2151 234 2462 299 QUINTINI
2491 239 2876 297 VIROMAND.

3768 244 3869 299 608

429 358 631 431 scripti
669 358 805 428 (ll),
847 373 884 413 a
924 360 987 414 V.
1020 357 1102 415 Cl.
1145 359 1207 414 L.
1259 358 1593 415 Bethmann
1639 358 1859 428 collati,
1900 373 2099 414 emcn-
2130 362 2176 413 Α
2207 364 2447 416 secutus
2491 367 2584 419 est
2627 364 2764 432 (l3),
2820 362 3003 420 etiam
3060 363 3216 420 Saxo
3274 364 3712 422 Grammaticus
3757 381 3876 422 res-

513 462 713 502 Vlmus

431 447 713 503 davimus

505 534 772 591 Dudonis
802 535 1209 592 narrationem
1238 552 1427 609 quam
1458 535 1805 593 Guillelmus
1835 538 2103 593 Gemme-

432 624 670 681 ticensis
711 623 773 680 in
799 626 1103 697 epitomen
1126 624 1357 695 redegit
1383 625 1519 693 (l2),
1561 625 1876 681 Ordericus
1904 626 2102 683 Vitalis

506 821 620 893 (ll)
646 821 869 893 Eodem
894 820 1197 893 volumine
1224 819 1342 876 alio
1366 835 1507 893 vero
1537 820 1671 893 cod.
1705 836 1883 893 saxni
1909 821 2097 893 conti-

435 890 611 949 netur
642 909 655 947 :
707 891 1051 948 Guillelmus
1098 893 1352 958 Gemm.,
1389 891 1670 948 Einhardi
1707 890 1836 948 Aita
1876 892 2100 962 Karoli,

437 963 773 1019 Abreviatio
804 967 1108 1032 gestorum
1138 978 1357 1033 regum
1377 963 1585 1018 Franc.
1615 995 1683 1002 —
1719 963 1872 1029 1137,
1896 966 2105 1019 Trans-

436 1033 580 1104 latio
611 1033 784 1099 clavi,
814 1038 947 1104 etc.,
976 1034 1130 1104 Visio
1161 1032 1386 1102 Karoli,
1437 1038 1494 1089 et
1522 1034 1637 1091 alia
1666 1050 1854 1091 manu
1885 1034 2098 1104 fragm.

441 1103 609 1160 Gnill.
643 1107 870 1159 Gemm.
899 1103 973 1159 de
1006 1103 1300 1159 Richardo
1332 1108 1397 1159 ll.

510 1176 624 1246 (l2)
671 1174 838 1248 Praef.
870 1192 884 1248 ξ
925 1196 953 1225 ‹‹
992 1174 1354 1248 Principium
1405 1191 1710 1248 namque
1743 1176 2104 1248 narrationis

440 1262 633 1317 usque
659 1245 735 1301 ad
768 1245 1132 1301 Richardum
1164 1245 1208 1301 li
1231 1261 1261 1301 e
1296 1245 1558 1301 Dudonis
1589 1245 1759 1318 periti
1790 1246 1897 1302 viri
1923 1247 2106 1303 histo-

440 1316 529 1372 ria
555 1316 785 1374 collegi.
809 1316 912 1374 qui
938 1316 1102 1374 quod
1132 1316 1855 1374 nosterisnronagandum
1887 1319 2104 1374 chariae

440 1332 529 1372 1‘18.
555 1332 785 1386 couegi,
809 1332 912 1388 qui
938 1332 1102 1389 quoa
1132 1332 1855 1398 poswrispropaganaum
1887 1332 2104 1375 cnariae

442 1388 891 1469 commendavit
919 1404 955 1443 a
1004 1387 1317 1469 Rudolpbo
1363 1394 1579 1444 comite
1607 1388 1787 1461 primi
1830 1389 2105 1447 Richardi

441 1458 617 1514 fratre
643 1458 955 1530 diligenter
983 1458 1314 1532 exquisivit.
1348 1482 1375 1508 ››

2208 449 2390 521 pexit,
2422 451 2559 521 (14),
2603 451 2684 508 ita
2726 455 2793 508 ut
2837 451 3096 508 auctoris
3126 451 3292 509 fama
3318 455 3697 511 Normanniae
3741 454 3874 511 Gal-

2209 536 2422 610 liaeque
2447 538 2599 597 ﬁnes
2623 540 2752 611 jam
2778 540 2978 598 medio
3010 556 3137 596 aevo
3166 540 3241 597 sit
3269 546 3659 613 transgressa.

3450 633 3515 688 G.
3548 634 3767 689 Wnrz.

2283 823 2396 890 (l3)
2451 822 2621 898 Praef.
2676 822 2841 898 libri_
2868 839 2972 898 in;
3017 822 3315 898 «Bellicos
3345 825 3665 898 _siquidem
3707 830 3878 898 actus

2210 892 2390 949 trium
2434 893 2660 949 ducum
2715 893 2886 951 Dudo
2930 895 3390 952 Vermandensis
3435 892 3712 953 decanus
3753 897 3878 954 elo-

2211 969 2462 1039 quenter
2490 966 2806 1039 enarravit,
2854 964 3227 1039 aﬁluensque
3270 967 3700 1039 multiplicibus
3742 984 3879 1023 ver-

2210 1035 2303 1110 liis
2352 1039 2408 1091 et
2442 1037 2646 1110 metris
2693 1035 3150 1110 panegyricum"
3206 1054 3387 1110 super
3428 1035 3541 1110 illis
3615 1038 3820 1095 edidit.
3850 1062 3878 1088 η

2213 1106 2401 1179 Etiam
2432 1106 2981 1179 scriptor—Gallicus
3012 1109 3219 1165 Benolt
3242 1106 3317 1165 de
3349 1109 3732 1167 Sainte-More
3765 1110 3881 1165 Du-

3938 628 3952 684 ἐ

2212 1177 2437 1257 donem
2463 1177 2600 1257 ante
2614 1178 2838 1257 oculos
2880 1179 3164 1236 habuisse
3193 1180 3464 1249 videtur;
3497 1180 3572 1237 cf.
3603 1184 3880 1255 Lappen-
3944 1240 3952 1257 ι

2211 1248 2362 1320 berg
2392 1253 2547 1320 Il,p.
2577 1252 2831 1320 374-394.

2283 1321 2395 1391 (44)
2428 1319 2552 1375 Lib.
2578 1319 2778 1396 linit:
2815 1320 3134 1396 Quendam
3179 1321 3350 1396 Dudo
3386 1338 3585 1379 rerum
3632 1323 3882 1396 Aquita-

2212 1390 2486 1467 nicarum
2519 1391 2773 1467 scriptor
2819 1393 3017 1467 Danoks
3042 1408 3079 1447 a
3110 1393 3335 1467 Danais
3360 1398 3523 1467 ortos
3562 1390 3884 1467 nuncupa—

2213 1466 2423 1535 tosque
2472 1462 2813 1530 recenseat;
2846 1462 2920 1519 cf.
2970 1464 3255 1536 Stephani
3302 1464 3508 1522 adnot.
3550 1482 3611 1539 p.
3645 1466 3735 1535 31,
3766 1462 3883 1521 etc.

452 1689 3877 1753 Ψ

1757 1854 2569 1973 DUDONIS

1377 2091 1598 2147 SUPER
1651 2092 2288 2181 CONGREQATIONEM
2334 2093 2390 2148 S.
2429 2092 2669 2158 QUINTI
2696 2090 2954 2147 DECANI

2134 2282 2208 2321 DE

932 2449 1343 2567 MORIBUS
1412 2453 1529 2567 ET
1589 2452 1860 2568 ACTSS
1923 2451 2399 2567 Piililomlll
2465 2451 3035 2569 NOMAN‘Nl/E
3094 2447 3403 2566 DUtJllll

1737 2712 2137 2831 LIBRI
2192 2711 2594 2833 TRES.

445 2919 777 2996 (Dupuesse.
809 2922 1092 2996 Historiae
1137 2925 1625 2996 Normannorum
1663 2925 2006 2996 Scriptores
2056 2924 2315 2996 antiqui,
2349 2940 2441 2980 res
2475 2925 2551 2980 ab
2590 2926 2714 2981 illis
2740 2940 2854 2994 per
2893 2924 3180 2996 Galliam,
3220 2922 3530 2996 Angliam,
3577 2921 3895 2996 Apuliam,

520 2989 763 3066 Capuae,
790 2994 1226 3066 mizcipatum,
1251 2994 1522 3066 Siciliam
1550 3002 1603 3066 et
1638 2989 1935 3050 Orientem
1964 3001 2159 3066 gestas
2202 2989 2600 3065 explicantes,
2632 2997 2709 3053 ab
2740 2989 2918 3052 ἀηηο
2951 2989 3179 3051 Christi
3206 2989 3436 3050 838'ad
3465 2989 3697 3050 annum
3735 2989 3893 3049 1220.

517 3090 591 3099 —
621 3062 855 3117 Lutetiae
883 3063 1269 3134 Parisiorum,
1300 3065 1458 3135 1619,
1491 3064 1618 3136 fol.)

1364 3331 2117 3447 ADMONITIQ

2230 3333 2974 3427 DUCHESNII.

517 3558 711 3623 Dudo,
742 3558 1008 3632 primum
1050 3558 1318 3628 clericus,
1361 3585 1388 3612 «
1415 3564 1678 3635 pretiosi,
1714 3568 1776 3620 ut
1817 3564 1921 3635 ait,
1955 3580 2115 3621 mar-
2160 3540 2199 3593 Β
2227 3570 2316 3621 ret
2359 3565 2672 3622 contestati
2721 3569 2882 3623 sunt.
2930 3563 3237 3637 Acquievit
3265 3563 3360 3627 ille
3402 3563 3716 3637 praeceptis
3764 3577 3907 3635 pre-

444 3647 591 3721 tyris
625 3647 837 3704 Christi
870 3647 1132 3713 Quintini
1176 3650 1523 3717 canonicus,
1550 3676 1578 3701 »
1630 3658 1687 3709 et
1720 3653 1834 3708 hoc
1872 3652 2117 3709 nomine

442 3736 524 3793 ab
565 3736 806 3792 Alberto
850 3738 1431 3795 Veromandensium
1472 3741 1688 3797 comite
1741 3741 1821 3796 ad
1874 3742 2115 3798 Richar-

442 3825 592 3880 dum
639 3828 1123 3881 Normannorum
1172 3826 1387 3884 ducem
1442 3829 1683 3901 missus,
1719 3836 1782 3886 ut
1825 3832 2119 3887 interven-

444 3915 511 3967 tu
574 3927 684 3966 suo
739 3926 943 3981 regem
1011 3914 1270 3970 Francia».
1336 3915 1671 3987 Hugonem,
1735 3918 1849 3991 ipsi
1916 3918 2121 3975 comiti

443 3998 767 4067 infensum,
820 4000 1184 4075 paciﬁcaret.
1239 4007 1445 4062 Postea
1500 4023 1644 4062 vero
1698 4023 1879 4079 super
1932 4013 2120 4064 totam

446 4088 647 4146 Sancti
695 4088 958 4155 Quintini
1011 4094 1540 4161 congregationem
1594 4096 1864 4151 decanus
1908 4096 2122 4152 consti-

443 4181 624 4246 tutus,
658 4182 721 4233 ut
765 4176 926 4233 idem
976 4186 1287 4251 prtenotat.
1351 4183 1588 4239 Initium
1640 4184 1942 4240 scribendi
1979 4184 2122 4240 facit

444 4266 525 4323 ab
571 4266 860 4335 Hastingo
891 4270 1195 4326 Danorum
1239 4271 1414 4341 duce,
1447 4274 1548 4344 qui
1600 4273 1911 4328 Rollonem
1966 4289 2120 4345 pra:-

443 4356 618 4412 cessit
648 4374 660 4424 ;
695 4355 880 4412 ﬁnem
906 4356 965 4412 in
1008 4363 1197 4414 morte
1230 4359 1504 4416 Richardi
1534 4366 1572 4429 I,
1607 4362 1987 4418 Normannite
2012 4362 2121 4418 du-

442 4444 548 4512 cis,
610 4445 782 4515 cujus
854 4462 1006 4501 avus
1082 4447 1265 4505 Rollo.
1331 4449 1721 4523 Declaratque
1772 4452 1958 4522 (epist.
2038 4452 2120 4508 ad

439 4534 665 4589 Adalb.
688 4534 970 4590 Laudun.
1012 4536 1215 4607 epise.)
1248 4553 1309 4592 se
1340 4553 1495 4609 opus
1521 4538 1838 4610 inccepisse
1870 4555 1993 4595 non
2024 4556 2124 4596 vo-

442 4622 670 4678 luntate
718 4628 1071 4695 spontanee,
1120 4625 1225 4680 sed
1256 4631 1320 4682 ut
1364 4627 1504 4682 duci
1552 4627 1635 4683 illi
1678 4628 1953 4684 redderet
1998 4645 2122 4685 sum

443 4710 742 4767 servitutis
801 4710 1090 4780 ofﬁcium,
1146 4720 1393 4787 propter
1442 4718 1763 4772 innumera
1826 4718 2122 4775 beneﬁcia

442 4818 580 4874 qua:
611 4802 843 4874 absque
894 4819 1003 4858 suo
1050 4804 1263 4859 merito
1308 4805 1362 4860 ei
1416 4805 1700 4877 dignatus
1754 4812 1883 4864 erat
1905 4808 2122 4882 imper-

444 4891 557 4949 tiri.
593 4892 800 4964 Operis
825 4897 1027 4948 autem
1058 4893 1320 4949 necdum
1343 4895 1571 4967 primas
1593 4901 1791 4968 partes
1822 4898 2118 4968 attigerat,

2227 3654 2518 3728 cibusque
2578 3671 2810 3722 eorum,
2865 3657 3184 3710 exsecutus
3242 3658 3351 3725 est,
3422 3658 3480 3708 et
3553 3650 3908 3708 absolutum

2228 3760 2383 3816 opus
2412 3743 2776 3801 Adalberoni
2805 3744 3090 3817 episcopo
3141 3741 3546 3804 Laudunensi.
3580 3739 3908 3797 auctorita-

2228 3838 2281 3888 te
2326 3849 2437 3889 sua
2486 3833 2995 3898 conﬁrmandum,
3046 3831 3362 3887 dedicavit.
3416 3830 3674 3886 Peritum
3703 3829 3908 3885 virum

2227 3922 2491 3994 appellat
2536 3922 2883 3978 Guillelmus
2916 3920 3403 3979 Gemmeticensis
3451 3919 3794 3975 monachus
3847 3918 3911 3974 in

2226 4012 2477 4085 epistola
2531 4029 2643 4068 sua
2686 4011 2765 4077 ad
2814 4011 3195 4068 Guillelmum
3242 4009 3623 4080 [Anglorum
3673 4023 3907 4079 regem.

2229 4103 2296 4157 Et
2320 4100 2656 4171 Ordericus,
2729 4101 3090 4170 monachus,
3151 4098 3458 4164 Uticensis,
3514 4098 3637 4154 sive
3705 4098 3914 4154 Sancti

2229 4190 2476 4259 Ebrulﬁ,
2524 4190 2599 4246 de
2629 4190 2845 4247 eodem
2902 4191 2986 4246 sic
3013 4189 3225 4263 paucis
3268 4188 3470 4244 verbis
3520 4188 3786 4260 loquitur
3847 4187 3912 4243 in

2229 4277 2524 4352 prolongo
2570 4277 2705 4333 libri
2744 4295 2803 4333 In
2848 4278 3118 4333 Historiae
3172 4293 3297 4333 suae
3331 4294 3343 4331 :
3385 4298 3413 4326 (ι
3448 4275 3695 4332 Bellicos
3736 4280 3914 4331 actus

2230 4367 2408 4422 trium
2438 4365 2664 4421 ducum
2713 4365 2883 4422 Dudo
2928 4364 3434 4421 Veromandensis
3466 4364 3736 4419 decanus
3791 4362 3914 4419 elo-

2227 4460 2479 4528 quenter
2525 4454 2867 4513 enarravit:
2901 4453 3280 4527 aﬁluensque
3332 4452 3742 4527 mulipticibus
3774 4467 3909 4507 ver-

2231 4544 2323 4600 bis
2360 4548 2417 4599 et
2457 4543 2659 4598 metris
2713 4542 3148 4615 panegyricum
3196 4558 3377 4615 super
3428 4542 3543 4597 illis
3591 4540 3798 4607 edidit,
3851 4546 3915 4596 et

2234 4634 2528 4691 Richardo
2559 4633 2941 4700 Gunnoridse,
2965 4633 3220 4703 gratiam
3253 4633 3384 4704 ejus
3414 4637 3687 4705 captans,
3711 4636 3915 4687 trans-

2229 4722 2407 4779 misit.
2436 4742 2463 4771 »
2491 4725 2607 4777 Nec
2636 4737 2761 4777 non
2790 4720 2943 4777 libro
2976 4737 3029 4775 vi
3056 4720 3170 4777 sub
3195 4720 3414 4776 ﬁnem:
3449 4742 3477 4769 ‹‹
3505 4720 3584 4775 De
3616 4719 3910 4788 adventu,

2228 4810 2446 4882 inquit,
2496 4813 3001 4876 Normannorum,
3069 4813 3126 4864 et
3188 4808 3413 4864 crudeli
3459 4806 3740 4864 barbarie
3784 4806 3916 4863 illo—

2233 4916 2370 4954 rum
2403 4899 2573 4955 Dudo
2605 4897 3112 4954 Veromandensis
3132 4896 3401 4951 decanus
3428 4895 3693 4950 studiose
3727 4894 3916 4968 scrip-

443 4998 583 5039 cum
656 4980 1067 5054 lacrymabilis
1137 4983 1301 5039 fama
1358 4985 1722 5042 Richardum
1785 4987 2120 5060 principem
2161 4992 2201 5045 C
2233 4989 2328 5057 sit,
2358 4993 2414 5044 et
2440 4987 2735 5044 Richardo
2769 4990 2834 5056 ll,
2880 4984 3242 5043 Gunnoridis
3273 4984 3418 5052 ﬁlio,
3447 4982 3586 5038 duci
3615 4986 3911 5041 Norman-

445 5071 664 5128 obiisse
718 5072 1029 5129 nuntiavit.
1082 5074 1148 5128 Et
1180 5080 1317 5129 tunc
1358 5075 1564 5131 omnia
1603 5074 1664 5131 in
1710 5075 1866 5131 illius
1916 5077 2122 5133 dolore

446 5164 807 5232 postponere
829 5161 1034 5227 voluit,
1068 5168 1131 5217 ut
1154 5162 1280 5235 ipse
1304 5167 1570 5231 testatur,
1596 5169 1839 5237 propter
1866 5165 2121 5222 nimium

448 5245 656 5301 ﬂetum
683 5248 1242 5324 intolerabilemque
1274 5252 1602 5324 planctum.
1654 5254 1767 5310 Sed
1797 5269 1904 5325 per
1930 5252 2123 5308 filium

452 5333 583 5404 ejus
650 5334 867 5393 ducem
925 5340 1309 5412 Richardum,
1371 5346 1430 5397 et
1491 5342 1866 5414 praecipuum
1934 5341 2121 5397 comi-

452 5425 577 5476 tem
650 5422 1029 5497 Rodolphum
1095 5429 1510 5502 lbreicensem,
1588 5446 1682 5487 res
1754 5431 1969 5487 eadem
2043 5429 2123 5486 illi

454 5515 879 5576 repraesentata
947 5514 1075 5573 fuit.
1162 5520 1501 5578 lnstiterunt
1575 5522 1761 5578 ambo
1820 5520 2123 5593 precibus,

459 5594 541 5684 ut.
581 5594 748 5664 quOd
802 5597 1131 5658 Richard“
1183 5612 1352 5678 Pater
1405 5614 1777 5684 praeceperat
1835 5625 2126 5683 exseque-

456 5683 642 5746 retur,
690 5690 746 5739 et
789 5700 866 5741 ne
918 5693 1297 5761 propositum
1356 5683 1774 5770 imperfectum
1836 5699 2130 5773 relinque-

2231 5094 2472 5143 norum,
2506 5076 2847 5133 destinavit.
2881 5097 2909 5126 »
2945 5079 3008 5130 ln
3039 5074 3225 5144 hujus
3249 5072 3506 5127 editione
3538 5069 3785 5128 duobus
3813 5089 3912 5129 co-

2231 5167 2469 5223 dicibus
2527 5182 2673 5222 usus
2724 5182 2881 5233 sum,
2932 5179 3056 5219 uno
3088 5161 3199 5218 viri
3244 5160 3454 5217 illustr.
3505 5163 3568 5215 ι).
3615 5161 3913 5218 Francisci

2232 5254 2553 5324 Ambrosii,
2604 5254 2790 5310 altero
2823 5256 2885 5309 Ι).
2918 5250 3125 5308 Jacobi
3154 5247 3482 5315 Sirmundi,
3513 5248 3619 5320 qui
3661 5252 3719 5303 et
3745 5247 3911 5305 solu

2234 5342 2507 5400 carmina
2534 5342 2702 5398 varia
2756 5341 2978 5397 rustico
3008 5338 3204 5409 magis
3251 5354 3441 5411 quam
3470 5335 3705 5409 poetico
3754 5337 3910 5409 stylo

2231 5433 2548 5489 intertexta
2595 5430 2838 5487 exibuit.
2900 5433 3014 5486 Nec
3062 5427 3166 5484 illa
3222 5432 3426 5484 tamen
3508 5425 3910 5499 praetermissa

2233 5520 2419 5587 volui,
2474 5536 2551 5576 ne
2624 5518 2808 5575 ﬁdem
2864 5516 3128 5576 historiae
3178 5516 3469 5575 minuisse
3539 5514 3906 5593 quibusdam

2241 5609 2390 5667 forte
2416 5609 2668 5666 viderer.
