3968 6376
130 278 239 332 609

1058 278 1146 332 DE
1186 278 1421 333 GESTIS
1462 274 1903 379 NORMAN-DE
1947 272 2191 333 DUCUM
2230 280 2411 335 LIBRI
2449 281 2644 337 TRES.

1321 401 3153 435 ψ

3140 406 3561 439 :"nrtmr'rmm

440 545 560 631 DE
633 543 1065 632 MORIBUS
1125 546 1251 631 ET
1309 544 1601 633 AGTIS
1661 546 2175 634 PHIMORUNI
2246 546 2869 637 NORMANNIzE
2927 546 3263 640 DUCUM

1506 763 1821 851 LIBRI
1880 766 2195 852 TRES.

982 962 1090 1021 Ex
1121 973 1301 1022 veteri
1336 962 1534 1023 codice
1564 984 1669 1023 ms.
1706 984 1863 1024 nunc
1886 966 2147 1044 primum
2177 966 2235 1023 z'n
2268 965 2455 1024 lucem
2490 967 2720 1024 emisso.

1622 1282 2061 1350 EPISTULA

797 1452 1242 1507 PANEGYRICA
1281 1454 1513 1517 ATQUE
1553 1450 2039 1506 APOLOGETICA
2080 1454 2381 1506 RATIONE
2420 1455 2893 1509 TRANSCURSA.

204 1629 433 1701 lnclyto
463 1632 521 1684 et
549 1628 645 1701 pie
670 1628 1037 1695 venerando,
1062 1644 1244 1700 quem
1278 1644 1466 1695 genus
1487 1632 1681 1696 ornat,
1706 1643 1795 1683 sa-
1834 1628 1883 1681 Α
1916 1628 2028 1682 tica
2058 1628 2314 1700 lampas,
2345 1629 2523 1683 solari
2580 1629 2803 1684 lumine
2856 1631 3197 1686 exardescis
3237 1632 3387 1687 inter
3415 1633 3567 1705 epis-

131 1719 357 1791 pientia
388 1718 651 1783 decorat,
706 1723 1061 1771 Anum-2mm
1107 1716 1390 1789 episcopo
1450 1722 1666 1771 sanctae
1701 1715 1802 1771 Dei

28 1853 37 1875 κ
132 1806 550 1863 Laudunensis
632 1806 895 1861 ecclesiae
968 1806 1251 1860 cathedra
1319 1805 1617 1873 residenti,
1686 1804 1796 1859 sibi

128 1897 595 1952 commissarum
625 1896 823 1951 ovium
852 1894 1151 1950 ducamen
1175 1900 1310 1950 ante
1342 1894 1558 1950 divinae
1589 1896 1801 1964 majes-

130 1985 267 2040 tatis
323 1988 733 2057 conspectum,
794 1987 967 2047 Drno,
1038 2000 1220 2056 super
1272 1984 1796 2053 congregationem

130 2073 334 2130 Sancti
369 2072 629 2139 Quintini
660 2072 947 2128 decanus.

202 2162 623 2218 Gloriosissimi
668 2162 929 2217 nominis
971 2162 1053 2217 tui
1098 2162 1486 2227 divulgamen
1538 2162 1796 2217 culmine

128 2252 498 2324 superlativo
527 2251 827 2306 Libaninis
858 2251 1053 2317 altius,
1098 2252 1227 2307 luce
1260 2253 1476 2308 clarius
1509 2252 1797 2307 sublima-

131 2345 282 2409 tum,
312 2339 545 2411 prolixa
602 2338 1055 2410 interpolatione
1104 2340 1347 2411 prolixae
1386 2339 1794 2407 longitudinis,

28 2454 33 2505 χ
128 2433 310 2500 atque
357 2427 688 2500 exspatiata
732 2427 1172 2500 intercapedine
1212 2446 1492 2501 expansze
1536 2428 1796 2485 latitudi-

126 2518 221 2573 nis
254 2523 436 2583 terrae,
462 2522 526 2572 ut
553 2516 755 2589 palam
786 2517 1007 2572 eminet
1032 2517 1209 2573 latius
1238 2519 1616 2574 diffamatum
1645 2536 1658 2584 ;
1691 2533 1796 2572 ne-

128 2623 253 2673 mo,
287 2606 391 2679 qui
412 2606 597 2661 verba
626 2604 858 2660 Domini
892 2605 1256 2662 Nichodemo
1279 2607 1527 2663 dicentis
1558 2626 1569 2661 :
1602 2607 1795 2675 Spiri-

130 2703 224 2751 tus
256 2696 360 2750 ubi
398 2696 525 2750 vult
556 2696 771 2762 spirat,
804 2694 1093 2763 intelligit,
1126 2696 1334 2751 nescit.
1361 2696 1506 2760 Quia
1543 2700 1604 2750 ut
1634 2694 1795 2750 colo-

127 2803 189 2841 re
219 2785 544 2841 indicativo
573 2784 856 2840 humanis
886 2785 1110 2839 visibus
1141 2786 1508 2856 pacificatur,
1526 2785 1794 2841 solamen

128 2877 377 2931 effectus
420 2874 721 2929 sufﬁciens
778 2874 1082 2943 omnibus,
1141 2876 1547 2947 omnibusque
1591 2876 1795 2930 omnia

1908 1732 2092 1788 copos
2116 1718 2336 1773 saeculi.
2363 1718 2505 1783 Quis
2553 1735 2688 1773 vero
2723 1723 2844 1773 tam
2876 1736 3123 1775 saxeum
3154 1726 3361 1792 pectus
3393 1737 3569 1790 gene-

1908 1810 2010 1869 ret,
2046 1810 2342 1877 tantaeque
2365 1807 2634 1875 caliginis
2667 1806 3028 1863 obductione
3059 1825 3160 1864 cor
3212 1809 3568 1864 obvolutum

1906 1894 2169 1961 haberet,
2201 1894 2575 1951 mirabilibus
2606 1896 2885 1968 inspectis
2946 1898 3175 1953 actibus
3207 1900 3342 1969 tuis,
3394 1915 3431 1955 a
3460 1916 3569 1955 sua

1906 1985 2194 2056 pravitate
2227 1985 2423 2039 statim
2452 1986 2511 2040 in
2541 1985 2812 2041 caelibem
2834 2002 2955 2041 non
2986 1994 3310 2043 verteretur
3338 1994 3521 2045 Vitam
3540 1990 3567 2043 7

1908 2074 2137 2145 Quippe
2193 2074 2496 2141 omnibus,
2555 2076 2659 2147 qui
2707 2075 2784 2130 ab
2834 2075 3102 2131 anfracto
3154 2078 3357 2133 itinere
3412 2078 3568 2133 illius

1907 2160 2266 2216 amarissimi
2299 2163 2484 2229 callis,
2538 2180 2659 2235 quo
2710 2164 2877 2220 multi
2936 2166 3216 2221 severiter
3267 2167 3569 2221 ducuntur

1906 2248 2103 2315 morti,
2134 2266 2264 2304 sese
2295 2251 2563 2306 nituntur
2593 2253 2847 2324 privare,
2872 2259 2927 2309 et
2971 2254 3046 2308 ad
3078 2271 3260 2326 quem
3316 2254 3568 2309 fallentis

1907 2338 2119 2392 mundi
2188 2340 2481 2412 sapientia
2533 2341 2772 2396 illorum
2828 2343 2987 2397 viam
3042 2343 3259 2411 dirigit,
3307 2360 3567 2415 quorum

1907 2441 2208 2497 corporeae
2256 2429 2662 2484 delectationis
2718 2431 2941 2499 gaudia
2997 2432 3260 2487 imitatur
3322 2433 3568 2488 affectus

1908 2513 2073 2568 unita
2102 2515 2367 2579 intentio,
2403 2517 2528 2571 fieri
2559 2518 2877 2588 participes
2906 2519 3206 2588 religionis
3234 2524 3347 2575 ture
3383 2537 3395 2573 :
3424 2520 3569 2591 quia

1906 2603 2107 2657 multis
2136 2606 2442 2676 praeteritis
2490 2611 2546 2661 et
2591 2606 2803 2661 futuris
2865 2608 3232 2679 temporibus
3265 2614 3417 2663 certe
3456 2625 3567 2663 nec

1906 2693 2169 2763 primum
2202 2694 2456 2750 similem
2487 2695 2647 2749 visus
2673 2713 2756 2762 es,
2784 2712 2893 2750 nec
2922 2697 3144 2752 habere
3193 2702 3563 2769 sequentem.

1905 2785 2017 2836 Nec
2049 2783 2290 2853 mirum,
2346 2785 2588 2839 antistes
2645 2784 3163 2857 reverendissime,
3208 2787 3255 2840 si
3298 2788 3411 2841 hoc
3462 2786 3567 2842 tibi

1904 2871 2184 2929 divinitus
2218 2889 2570 2928 concessum
2612 2880 2721 2940 est,
2781 2879 2843 2928 ut
2898 2880 3020 2930 toto
3067 2875 3199 2931 orbi
3252 2876 3566 2947 prtemaxi-

128 2966 341 3030 factus,
391 2964 664 3019 omnium
723 2964 1048 3035 praesulum
1093 2964 1499 3019 celsitudinem
1563 2965 1794 3033 generis
1832 2978 1873 3031 Β
1904 2976 2071 3015 mum
2100 2962 2406 3033 exemplar
2432 2962 2573 3017 boni
2595 2964 2833 3017 effectus
2862 2963 2939 3017 sis
2969 2980 2981 3017 :
3011 2965 3297 3035 quoniam
3327 2965 3404 3020 ab
3435 2965 3567 3037 ipsa

128 3056 449 3121 spermate,
498 3056 552 3105 et
582 3051 775 3105 meriti
827 3051 1087 3107 almitate
1120 3053 1512 3107 transcendis.
1575 3053 1797 3109 Idcirco

128 3144 189 3194 tu
222 3155 376 3211 apex
408 3139 784 3211 pontiﬁcalis.
819 3140 1107 3212 inclytum
1142 3142 1447 3214 specimen
1504 3142 1797 3197 rectitudi-

125 3226 236 3291 nis,
267 3226 758 3298 incomparabilis
794 3228 987 3283 forma
1036 3229 1367 3301 perspicuae
1400 3230 1552 3293 vitae,
1611 3230 1796 3286 decus

126 3315 515 3381 sacerdotale,
547 3316 963 3372 inenarrabilis
1019 3317 1122 3373 lux
1151 3320 1446 3374 universae
1502 3320 1793 3389 Ecclesize,

124 3405 363 3473 insigne
420 3405 658 3460 culmen
714 3407 1060 3473 sanctitatis,
1120 3409 1298 3463 totius
1366 3409 1648 3466 bonitatis
1702 3427 1797 3465 co-

126 3494 338 3549 lumna
377 3494 735 3559 inﬂexibilis,
792 3496 970 3566 digne
1027 3514 1137 3569 pro
1193 3499 1415 3553 meritis
1468 3500 1794 3556 assertione

125 3582 387 3638 veridica
417 3584 687 3639 sanciris.
721 3588 795 3640 Te
840 3586 1077 3651 etenim,
1111 3602 1293 3657 quem
1329 3588 1503 3642 talem
1535 3593 1791 3644 tantam-

124 3687 246 3742 que
273 3687 595 3743 personam
629 3672 785 3728 facta
816 3675 1055 3743 egregia
1084 3676 1425 3743 concinunt,
1480 3676 1609 3731 talis
1668 3682 1791 3731 tan-

32 3818 35 3821 ,
127 3765 323 3831 taeque
356 3762 725 3832 proceritatis
782 3764 1009 3818 honore
1056 3763 1363 3818 Allithroni
1412 3765 1654 3820 dextera
1696 3782 1793 3820 ex-

126 3848 331 3903 tollere
362 3849 679 3922 disposuit,
727 3852 871 3923 quia
928 3852 1270 3924 indempnis
1298 3854 1553 3925 pectoris
1586 3854 1665 3908 tui
1692 3870 1795 3909 an-

124 3942 217 3992 tra
246 3938 566 4009 cordisque
596 3939 849 3995 insontis
880 3940 1091 3995 intima
1115 3942 1381 4013 possidet
1414 3942 1618 3997 divina
1648 3944 1790 3998 cha-

122 4026 289 4096 ritas,
316 4043 455 4081 cum
488 4044 597 4083 sua
620 4028 826 4084 sobole
856 4030 1231 4086 multimoda.
1267 4030 1569 4103 Quidquid
1597 4032 1791 4087 multi-

124 4115 415 4171 fariarum
471 4116 749 4173 virtutum
807 4118 1080 4189 ejusdem
1134 4119 1440 4175 charitatis
1507 4120 1788 4191 filiorum,

126 4205 602 4277 uniuscujusque
636 4206 844 4261 famuli
878 4207 976 4262 Dei
1004 4206 1134 4277 jugi
1166 4224 1234 4263 ac
1259 4208 1537 4278 vigilante
1570 4210 1788 4279 studio,

122 4297 305 4365 prout
334 4293 630 4366 aspirator
658 4300 715 4350 et
770 4294 1115 4351 inlustrator
1166 4298 1478 4364 mentium,
1522 4299 1791 4355 videlicet
1831 4327 1871 4383 ρ

124 4382 372 4436 Flamen
404 4381 699 4451 divinum,
728 4382 1080 4455 adipiscitur
1113 4403 1125 4452 ;
1159 4386 1456 4458 quidquid
1488 4387 1789 4443 sanctissi-

123 4486 226 4525 ma
249 4486 461 4525 eorum
495 4472 773 4526 servitute
801 4473 1087 4545 consequi
1115 4479 1328 4545 potest,
1382 4474 1440 4529 in
1494 4480 1547 4531 te
1578 4476 1789 4531 divini-

124 4564 219 4614 tus
248 4574 502 4627 regnare
536 4559 783 4626 videtur,
818 4565 998 4632 atque
1021 4578 1265 4617 omnem
1293 4564 1645 4619 earumdem
1675 4558 1791 4620 viré

124 4653 322 4704 tutum
372 4648 714 4717 congeriem
770 4649 903 4703 fons
951 4651 1255 4706 charitatis
1309 4652 1369 4706 in
1419 4653 1676 4724 pectoris
1708 4654 1791 4709 tui

122 4737 267 4792 sede
297 4736 515 4793 locavit
543 4735 811 4793 miriﬁce.
866 4739 1157 4794 Omnibus
1201 4740 1498 4811 siquidem
1547 4742 1791 4797 rationis

120 4825 470 4897 capacibus,
506 4826 588 4881 mi
620 4829 786 4881 Pater
824 4832 1002 4898 atque
1032 4829 1295 4895 domine,
1343 4834 1571 4884 certum
1623 4846 1791 4886 cons-

118 4918 210 4970 tat
233 4930 367 4969 esse
398 4930 435 4969 a
464 4914 706 4987 puerilis
737 4915 988 4971 aetatulae
1014 4917 1313 4987 vagitibus
1338 4918 1568 4973 interna
1594 4920 1791 4974 cordis

117 5003 476 5059 contritione
505 5009 558 5059 te
582 5009 770 5059 totum
799 5010 1021 5062 aeterno
1071 5007 1363 5062 sacerdoti
1394 5008 1649 5063 hostiam
1708 5009 1789 5063 vi-

116 5108 261 5148 vam
292 5098 609 5165 mactasse,
640 5099 849 5166 pectus
902 5101 1073 5151 tuum
1104 5095 1471 5169 plenitudine
1502 5097 1785 5153 virtutum

119 5181 437 5237 Pneumati
482 5199 744 5255 superno
794 5185 1080 5241 thronum
1135 5202 1539 5250 consecrasse,
1601 5186 1784 5241 caelos

116 5275 321 5326 mente
350 5270 672 5339 habitasse,
705 5274 850 5345 quia
890 5275 1141 5345 jucundi
1175 5274 1257 5330 tui
1316 5274 1499 5330 animi
1541 5291 1785 5332 enorme

116 5359 519 5431 propositum,
549 5366 606 5416 et
633 5378 826 5435 usque
850 5380 1011 5420 nunc
1038 5364 1323 5437 temporis
1353 5368 1533 5437 patet,
1582 5365 1784 5421 hacte-

116 5465 234 5504 nus
264 5448 385 5503 ulla
405 5449 694 5520 proluvie,
724 5468 834 5507 nec
874 5454 1078 5526 aliqua
1106 5453 1382 5509 vitiorum
1443 5454 1782 5510 fortitudine

115 5537 431 5609 inspicitur
458 5539 537 5593 ab
586 5539 845 5612 incaepto
875 5543 1133 5598 deviare.
1169 5546 1381 5598 Tactus
1411 5543 1609 5616 itaque
1642 5559 1782 5599 san-

34 5622 35 5627 “
117 5626 195 5681 cti
222 5626 472 5698 Spiritus
498 5634 758 5697 nectare,
788 5630 1076 5700 singulari
1105 5632 1484 5689 mirabilitate
1523 5638 1581 5688 et
1608 5633 1783 5689 mira-

116 5714 221 5772 bili
253 5715 660 5787 singularitate
684 5718 905 5775 videris
926 5720 1156 5777 caelitus
1187 5740 1199 5788 ;
1231 5722 1401 5789 dum,
1435 5721 1591 5780 velut
1619 5739 1782 5793 mys-

1907 3050 2259 3104 cunabulari
2290 3051 2409 3105 vita
2454 3050 2739 3119 gradibus
2770 3050 3053 3106 virtutum
3086 3053 3329 3109 siderea:
3361 3054 3565 3125 patriae

1907 3139 2130 3211 templa
2159 3139 2316 3194 visus
2338 3157 2399 3194 es
2432 3140 2737 3205 scandere,
2794 3145 2971 3213 atque
2996 3143 3385 3213 praemiorum
3442 3160 3567 3199 ma-

1907 3227 2217 3297 gnitudine
2242 3228 2565 3298 stelligeras
2624 3229 2797 3283 sedes
2837 3229 3164 3301 possidere.
3219 3232 3333 3288 Sed
3387 3232 3564 3287 etiam

1906 3316 2124 3370 talibus
2146 3317 2313 3371 factis
2342 3317 2655 3388 quoddam
2712 3317 2929 3372 mirum
2977 3318 3297 3387 inducitur,
3332 3337 3369 3376 o
3398 3320 3565 3375 miras

1906 3404 2321 3459 admirationis
2346 3405 2633 3475 pontifex,
2693 3420 2765 3459 ne
2814 3406 3016 3476 pravis
3073 3406 3420 3478 iniquorum
3478 3424 3569 3464 so-

1904 3494 2238 3565 phistarum
2270 3494 2778 3549 susurrationibus
2800 3510 3007 3564 posses
3054 3496 3375 3552 criminari.
3410 3497 3564 3553 Illius

1902 3583 2033 3637 vitm
2065 3587 2361 3653 praecepta
2393 3581 2790 3653 amplexatus,
2823 3599 2959 3653 quae
2992 3600 3227 3655 semper
3266 3586 3341 3639 ad
3373 3586 3565 3641 ardua

1903 3670 2164 3738 molitur,
2234 3670 2413 3725 talem
2447 3670 2561 3725 tuis
2607 3670 2815 3724 studiis
2873 3687 3081 3725 curam
3130 3672 3477 3741 adhibuisti,
3501 3678 3567 3729 ut

1903 3757 2093 3812 sicubi
2123 3763 2412 3814 terrarum
2444 3760 2591 3831 quid
2629 3765 2905 3829 regnaret
2934 3760 3254 3831 religionis,
3286 3766 3341 3817 et
3370 3762 3448 3817 ab
3474 3762 3563 3818 in-

1901 3846 2133 3916 digenis
2196 3848 2518 3918 alicujusve
2590 3850 2852 3904 hominis
2914 3850 3100 3906 relata
3172 3867 3346 3906 aures
3432 3856 3565 3907 tuas

1900 3938 2292 4010 irrumperet,
2378 3954 2695 4010 nunquam
2762 3939 2980 3994 uninus
3058 3940 3220 3995 horae
3301 3941 3563 4013 spatium

1901 4042 2118 4099 passus
2152 4044 2214 4082 es
2241 4027 2593 4098 transgredi,
2625 4044 2945 4100 quousque
2996 4028 3164 4083 citius
3194 4028 3351 4085 dicto
3378 4030 3567 4086 adim-

1900 4116 2062 4189 plere
2086 4116 2390 4173 laborasti.
2447 4120 2531 4172 Tu
2586 4116 2833 4189 quidem
2877 4116 3167 4185 gaudium
3221 4120 3453 4174 Domini
3483 4119 3565 4174 tui

1900 4205 2279 4275 ingressurus
2304 4223 2412 4279 per
2441 4222 2655 4278 pauca,
2689 4206 2749 4261 id
2780 4212 2866 4261 est
2891 4223 2997 4279 per
3025 4208 3292 4280 quinque
3316 4208 3563 4263 talento-

1899 4310 2036 4350 rum
2063 4296 2225 4351 dona
2253 4295 2505 4350 fideliter
2532 4295 2901 4367 dispensata,
2921 4301 2977 4350 et
3005 4296 3298 4351 cibarium
3326 4296 3559 4368 dispen~

1900 4383 2193 4439 sationem
2218 4384 2542 4455 prudenter
2589 4384 2988 4448 distributam,
3042 4400 3223 4455 super
3260 4385 3450 4440 multa
3475 4384 3562 4439 lo-

1903 4472 2136 4527 caberis
2168 4488 2376 4527 servus
2408 4472 2606 4527 bonus
2638 4476 2695 4525 et
2721 4470 2932 4538 ﬁdelis,
2968 4488 3105 4526 cum
3140 4473 3429 4527 Dominus
3460 4490 3561 4528 ve-

1903 4560 2096 4627 nerit;
2155 4561 2300 4631 quia
2345 4576 2744 4631 supernarum
2799 4560 3080 4614 virtutum
3129 4560 3376 4629 junctus
3418 4575 3561 4615 con-

1904 4649 2106 4713 sortio,
2137 4648 2359 4718 gaudia
2390 4648 2514 4702 sine
2565 4648 2681 4703 line
2714 4664 3000 4702 mansura
3033 4648 3389 4721 possidebis.
3422 4649 3563 4704 Mna

1900 4739 2126 4810 quippe
2153 4738 2255 4793 tibi
2281 4738 2504 4793 credita
2532 4737 2645 4792 tuis
2678 4738 2863 4793 sacris
2892 4737 3200 4793 mundinis
3226 4738 3304 4793 ad
3328 4738 3563 4794 thesau-

1899 4844 2033 4881 rum
2068 4828 2290 4883 summi
2322 4828 2503 4882 Patris
2518 4827 2772 4883 familias
2791 4827 2999 4883 decem
3018 4844 3194 4883 muas
3214 4828 3559 4899 reportabit,

1899 4935 2038 4972 cum
2072 4918 2358 4973 Dominus
2384 4918 2620 4975 redierit
2645 4937 2656 4972 :
2686 4918 2829 4990 quia
2859 4917 3133 4973 videlicet
3155 4934 3261 4989 per
3288 4917 3561 4988 Decalogi

1898 5006 2189 5062 mandata
2220 5008 2601 5078 temetipsum
2622 5006 2885 5062 lucratus
2905 5005 3401 5079 Deo,manipulos
3427 5006 3558 5076 jus-

1900 5095 2035 5150 titize
2066 5096 2127 5151 in
2157 5096 2403 5151 dextera
2454 5096 2668 5164 ferens,
2726 5094 3118 5150 centesimum
3170 5095 3425 5150 fructum
3482 5100 3561 5151 ad

1897 5202 2173 5240 mensam
2230 5184 2544 5239 invisibilis
2590 5190 2767 5257 atque
2817 5183 3171 5239 immortalis
3202 5185 3415 5257 Sponsi
3474 5184 3559 5241 di-

1896 5290 2050 5343 gnus
2080 5273 2331 5329 conviva
2361 5272 2872 5344 reportabis,sicut
2899 5288 3044 5329 mna
3060 5278 3300 5328 centum
3326 5273 3559 5345 ponde-

1892 5369 2059 5419 ratur
2077 5362 2399 5417 drachmis.
2418 5364 2501 5417 Tu
2529 5362 2740 5417 merito
2761 5361 3071 5433 apostolici
3093 5360 3281 5417 meriti
3300 5360 3557 5430 gradum

1895 5452 2435 5522 sortitus,sorteque
2462 5451 2667 5506 divina
2690 5451 2749 5505 in
2777 5450 3053 5519 ejusdem
3085 5450 3309 5519 gradus
3350 5448 3558 5505 culmi-

1893 5558 1987 5611 ne,
2015 5540 2075 5595 id
2106 5541 2276 5595 estin
2298 5540 2670 5595 duodenario
2696 5556 2949 5595 numero
2978 5540 3336 5596 sublimatus
3367 5557 3380 5606 ;
3413 5537 3557 5611 quia

1893 5631 1941 5687 si
1971 5635 2197 5685 secreta
2224 5630 2501 5699 ejusdem
2531 5630 2767 5685 muneri
2797 5634 3146 5702 pensentur,
3193 5630 3414 5701 ubique
3442 5626 3556 5682 cel-

1892 5718 2135 5777 situdini
2162 5723 2277 5775 tuae
2308 5718 2650 5791 deputatur.
2676 5718 2787 5785 Qui
2806 5734 3017 5777 revera
3035 5718 3344 5791 impariter
3384 5731 3492 5788 per
3516 5730 3553 5771 a
