3968 6430
475 329 573 387 611

472 543 693 617 impari
713 544 1601 617 confectus.Sicutnamqueiste
1628 562 1915 600 numerus
1940 545 2137 617 ipsam

472 634 752 689 eamdem
780 632 1279 702 significationem
1318 632 1579 704 illorum,
1612 640 1668 691 et
1696 634 1898 699 aliam,
1950 650 2139 707 quam

469 721 551 777 illi
577 738 698 778 non
729 722 973 791 habent,
1005 723 1079 777 de
1105 721 1326 794 quibus
1354 724 1683 793 contimtur,
1715 724 1979 796 possidet
2012 740 2024 777 :
2057 723 2139 778 ita

471 814 533 865 tu
563 811 834 867 omnium
862 811 1311 883 episcoporum,
1363 812 1469 883 qui
1498 811 1693 867 eidem
1742 828 1995 867 numero
2040 812 2139 868 de-

468 903 777 971 putantur,
804 916 995 973 quam
1040 899 1267 955 habent
1296 900 1421 955 vim
1450 900 1775 970 religionis,
1810 905 1865 956 et
1889 900 2067 956 aliam
2101 916 2137 955 a

467 990 588 1044 Deo
613 990 871 1045 obtines.
915 992 981 1045 Et
1004 988 1259 1062 qualiter
1306 1004 1377 1044 ex
1409 1006 1531 1046 una
1584 989 1800 1063 impar,
1830 1006 1901 1045 ex
1954 990 2137 1045 altera

467 1085 635 1151 parte
664 1096 771 1153 per
800 1078 1013 1135 dicitur
1042 1098 1054 1133 :
1088 1078 1170 1133 sic
1200 1077 1327 1150 ipse
1359 1082 1423 1133 tu
1461 1078 1612 1148 aliis,
1668 1079 1772 1151 qui
1827 1078 2134 1135 altitudine

466 1168 657 1242 ipsius
683 1169 917 1225 numeri
950 1167 1371 1237 sublimantur,
1400 1167 1734 1239 inaequalis,
1784 1173 1840 1223 et
1883 1168 2133 1240 aequalis

465 1256 761 1314 inveneris
795 1276 808 1313 :
839 1256 1152 1329 inaequalis
1186 1256 1519 1323 sanctitate,
1552 1257 1803 1329 aequalis
1855 1274 1999 1313 vero
2028 1274 2131 1312 no-

464 1347 645 1403 mine.
675 1348 806 1420 lpse
838 1352 992 1402 recte
1023 1345 1362 1417 superﬂuus
1389 1348 1511 1400 suis
1529 1346 1810 1401 asseritur
1838 1347 2130 1418 partibus,

464 1438 609 1509 quia
637 1437 913 1493 videlicet
939 1436 989 1491 si
1018 1436 1079 1492 in
1112 1452 1303 1491 unum
1342 1435 1690 1505 redigantur
1722 1436 1852 1506 ejus
1882 1437 2129 1508 species,

462 1527 718 1598 qualiter
769 1542 1075 1582 summam
1123 1524 1387 1597 pristinae
1441 1524 1788 1597 quantitatis
1843 1530 2133 1593 transgre-

462 1616 755 1683 diuntur;
807 1618 890 1672 sic
942 1614 1419 1684 transgressione
1476 1614 1848 1681 meritorum,
1900 1615 1947 1669 si
2015 1620 2127 1670 tuae

462 1706 787 1761 sanctitatis
819 1704 1101 1777 symbola
1130 1702 1509 1772 colliguntur,
1529 1703 1661 1758 aliis
1684 1704 1743 1759 in
1775 1703 1988 1759 eodem
2016 1720 2125 1759 nu-

1460 332 1766 393 DUDONIS
1805 330 2061 391 DECANI
2101 330 2160 387 S.
2200 329 2509 395 QUINTINI
2555 337 2937 395 VIROMAND.

472 454 912 511 mathematicis
940 458 1208 522 vocatur,
1270 471 1343 511 ex
1371 457 1593 529 pariter
1621 459 1771 529 pari,
1827 462 1884 512 et
1913 454 2136 528 pariter
2175 436 2494 525 Antaugere
2516 460 2770 531 videtur,
2804 467 2862 518 et
2890 461 3008 529 cui,
3036 465 3105 517 ut
3132 478 3321 535 supra
3356 462 3587 519 dictum
3615 468 3725 535 est,
3752 469 3896 522 totus

3806 343 3894 401 an
3956 294 3957 387 ἐ

2244 544 2440 603 honor
2470 549 2740 605 debetur.
2790 551 3010 617 Talem,
3062 556 3121 606 et
3165 552 3588 622 hujuscemodi
3616 554 3897 611 honorem

2244 637 2424 693 corde
2452 624 2713 709 revolvo,
2750 645 2807 697 et
2836 644 3033 729 mente
3064 639 3358 729 delibero,
3413 642 3625 699 decere
3673 648 3897 701 tantum
3954 668 3961 729 τ

2243 728 2614 795 patronum:
2650 733 2711 783 ut
2756 745 2891 801 quae
2941 728 3001 783 in
3059 728 3173 783 hoc
3212 730 3417 785 codice
3471 731 3593 786 suis
3651 733 3897 789 tenebris
3937 728 3963 805 ξ

2244 812 2508 872 obscura
2538 816 2832 884 videntur,
2859 834 2965 889 per
2989 823 3043 873 te
3072 818 3150 872 ad
3175 817 3371 873 lucem
3401 818 3897 891 referantur,quia
3955 822 3963 885 1

2241 915 2367 957 non
2392 904 2697 974 penuriosi
2725 910 2782 961 et
2832 906 3136 975 ingloriosi
3188 922 3411 962 nomen
3468 908 3897 981 compositoris,
3956 923 3964 981 ί

2242 1006 2347 1044 seu
2374 992 2596 1061 egregii
2626 994 2973 1049 correctoris
3005 994 3139 1049 laus
3159 995 3519 1067 acquiretur.

2313 1080 2675 1152 Quanquam
2699 1083 2771 1138 sit
2798 1083 2858 1137 in
2892 1098 2988 1138 me
3027 1100 3138 1156 pro
3187 1083 3430 1139 stultitia
3476 1083 3898 1156 reputandum,

2239 1182 2346 1238 per
2410 1168 2663 1225 istarum
2732 1170 3063 1226 litterarum
3117 1171 3405 1227 ﬁduciam
3459 1172 3727 1228 audaciae
3777 1172 3903 1227 ani-

2239 1255 2579 1311 mositatem
2664 1259 2977 1331 arripiens,
3052 1260 3385 1331 majestatis
3455 1265 3571 1316 tuae
3626 1277 3906 1333 conspec-
3958 1274 3963 1333 ι

2237 1346 2367 1399 tum
2393 1344 2731 1415 adgredior,
2794 1348 3237 1420 adgressusque
3288 1348 3485 1403 cordis
3528 1353 3585 1404 et
3639 1349 3903 1422 corporis

2238 1432 2464 1488 cervice
2497 1433 2820 1503 submissa,
2878 1453 2997 1492 non
3032 1436 3226 1492 solum
3256 1438 3463 1504 semel,
3488 1454 3599 1493 nec
3628 1438 3744 1505 bis,
3793 1455 3903 1494 nec
3956 1413 3964 1489 Ῑ

2236 1524 2343 1588 ter,
2371 1523 2517 1594 quin
2545 1524 2726 1581 etiam
2754 1525 3022 1582 crebrius
3050 1542 3260 1599 preces
3284 1527 3477 1598 jungo
3508 1527 3809 1600 precibus,
3845 1533 3905 1583 ut
3956 1543 3964 1603 ι

2235 1612 2433 1667 omnis
2464 1615 2893 1685 scrupulositas
2924 1616 3001 1687 inj
3014 1620 3155 1671 ustae
3182 1617 3591 1688 ambiguitatis
3625 1618 3738 1673 tuis
3758 1634 3904 1673 acu-

2235 1699 2499 1757 tissimus
2549 1702 2937 1774 bipennibus,
2999 1722 3071 1762 ex
3116 1706 3439 1778 purissimo
3488 1706 3677 1764 calibe
3724 1707 3905 1763 totius
3964 1776 3965 1779 η

3955 954 3963 1197 Ι

459 1809 628 1850 mero
658 1797 776 1850 Deo
806 1792 1202 1850 militantibus
1230 1790 1403 1847 altior
1426 1790 1723 1863 reperiris.
1780 1791 1934 1856 Quid
1985 1809 2126 1848 vero
2164 1806 2206 1861 Β
2234 1790 2539 1860 sapientiae
2567 1792 2869 1863 confectis,
2902 1794 3171 1850 funditus
3203 1801 3382 1867 atque
3437 1796 3724 1853 radicitus
3770 1813 3905 1853 am-

458 1882 521 1938 in
549 1884 763 1940 eodem
785 1883 1031 1939 musicis
1060 1880 1291 1937 calculo
1317 1880 1672 1950 designatur
1698 1878 1979 1945 modulis,
2010 1876 2126 1933 nisi

461 1974 798 2031 sublimitas
828 1974 974 2030 tanti
1004 1971 1241 2047 patroni
1270 1970 1298 2026 Ῠ
1328 1970 1481 2033 Quid
1510 1969 1675 2025 aliud
1720 1969 1848 2041 ipse
1901 1968 2127 2024 duode-

458 2064 682 2132 narius,
715 2063 830 2119 nisi
860 2066 1221 2119 concentum
1247 2058 1628 2131 symphoniae
1655 2057 1953 2129 diapason
1981 2072 2125 2126 aug-

456 2158 662 2208 mento
714 2150 1080 2224 duplicitatis
1131 2146 1362 2220 perﬁcit
1417 2147 1496 2202 ad
1542 2146 1870 2207 senarium,
1900 2144 2004 2218 qui
2035 2145 2125 2199 sui

456 2240 728 2313 quadam
752 2237 1262 2294 demonstratione
1290 2234 1544 2305 alicujus
1567 2234 1649 2290 rei
1676 2233 2120 2305 perfectionem,

460 2328 615 2384 sicut
639 2329 766 2400 ipse
794 2328 1093 2400 perfectus
1118 2331 1226 2391 est,
1283 2323 1576 2379 assuescit
1606 2321 1944 2391 signiﬁcare
1974 2322 2000 2377 ’ἶ
2061 2325 2126 2377 Et

457 2417 605 2489 quid
635 2433 742 2490 per
762 2431 1085 2473 ascensum
1115 2413 1344 2469 ordinis
1379 2413 1559 2482 hujus
1583 2410 1839 2479 numeri,
1875 2410 1985 2466 nisi
2012 2412 2124 2467 im-

455 2521 669 2561 mensa
698 2505 980 2578 perfectio
1006 2502 1261 2574 duplicis
1286 2500 1637 2557 incrementi
1657 2501 1718 2556 in
1738 2506 1790 2554 te
1818 2500 2123 2556 cumulata

455 2594 943 2665 augmentatione
966 2591 1327 2664 duplicitatis
1357 2589 1734 2645 declaratur?
1755 2588 2121 2660 Respiciente

456 2683 754 2756 siquidem
784 2682 1002 2738 eodem
1030 2696 1285 2737 numero
1315 2682 1392 2735 ad
1419 2678 1794 2735 octonarium
1828 2678 2122 2750 sesquial-

455 2776 603 2843 tera,
630 2773 710 2829 ad
739 2770 1130 2828 novenarium
1164 2768 1538 2841 sesquitertia
1565 2767 1953 2840 proportione
1995 2767 2123 2823 dia-

453 2867 652 2935 pente,
684 2866 741 2918 et
792 2861 1170 2917 diatessaron
1225 2858 1435 2914 retinet
1485 2857 1925 2930 symphonias:
1978 2857 2122 2928 quia

453 2954 595 3008 tunc
624 2950 929 3023 temporis,
955 2965 1078 3022 quo
1103 2947 1292 3019 ipsius
1336 2946 1607 3017 ejusdem
1636 2946 1942 3017 provectio
1965 2950 2018 3000 te
2057 2944 2119 3000 in

453 3041 757 3113 pastorale
776 3039 1045 3108 regimen
1092 3036 1349 3103 sustulit,
1382 3040 1518 3091 octo
1553 3034 1954 3091 beatitudines
1984 3034 2116 3091 vitae

453 3127 879 3199 augmentavit,
913 3132 970 3181 et
996 3140 1222 3181 nomen
1253 3123 1608 3192 angelorum
1649 3121 1899 3177 caetibus
1930 3123 2115 3178 socia-
2151 3158 2191 3215 ρ

452 3217 554 3274 vit.
589 3219 720 3283 Qua
745 3231 889 3272 vero
917 3214 1148 3270 ratione
1192 3212 1410 3268 binarii
1438 3210 1930 3283 multiplicatione
1986 3212 2111 3284 ipse

451 3306 860 3362 duodenarius
879 3304 941 3359 in
960 3302 1308 3358 vicesimam
1337 3305 1619 3372 quartam
1641 3300 2109 3357 cumulationem

450 3394 819 3452 transcendit
845 3410 857 3447 :
893 3393 977 3448 sic
1009 3392 1390 3461 geminorum
1419 3390 2112 3461 praeceptorum,scilicet

451 3486 551 3541 Dei
581 3490 639 3541 et
664 3482 923 3557 proximi
980 3497 1173 3547 amor,
1230 3480 1471 3548 gemina
1520 3478 1859 3534 observatio
1909 3480 2111 3548 viginti

448 3580 709 3647 quatuor
759 3572 1034 3646 supernis
1069 3567 1405 3626 senioribus
1462 3574 1517 3625 te
1566 3570 1930 3638 aggregavit,
1972 3586 2110 3625 cum

446 3664 672 3737 quibus
701 3659 1187 3719 immarcessibili
1214 3674 1437 3713 corona
1474 3656 1784 3712 redimitus
1811 3660 2111 3714 canticum

447 3768 673 3810 novum
704 3750 934 3807 sedenti
959 3750 1022 3805 in
1039 3749 1257 3804 throno
1278 3746 1565 3802 cantabis.
1596 3749 1748 3801 Inter
1775 3748 2110 3818 quos,sicut

445 3842 638 3898 isdem
666 3857 776 3896 sua
800 3838 1117 3895 medietate
1168 3836 1563 3909 superposita,
1618 3836 1679 3891 id
1724 3842 1811 3893 est
1849 3838 2105 3906 senario,

445 3931 569 4003 qui,
603 3934 669 3985 ut
714 3929 941 3984 dictum
972 3933 1077 3994 est,
1112 3930 1271 3982 caret
1307 3925 1635 3981 defectione
1680 3931 1736 3981 et
1793 3927 2109 3999 superﬂui-

446 4025 584 4089 tate,
615 4020 677 4075 in
706 4024 985 4074 octavum
1038 4017 1339 4073 decimum
1373 4032 1694 4071 numerum
1727 4018 1939 4073 crescit
1974 4034 1986 4072 :
2038 4018 2109 4073 si-

444 4106 659 4163 militer
688 4106 1013 4162 dulcisonis
1053 4104 1461 4161 consonantiis
1517 4104 1695 4160 totius
1740 4106 2108 4162 harmonicae

444 4197 872 4253 modulationis
903 4195 1169 4251 ofﬁcium
1197 4194 1497 4250 melliﬂuae
1516 4195 1827 4251 cantilenae
1856 4197 2108 4253 redden-

442 4286 621 4355 tibus,
651 4287 799 4343 nihil
827 4286 1205 4352 defectivum,
1238 4283 1384 4339 nihil
1414 4284 1792 4356 superﬂuum
1830 4286 2103 4355 audiens,

442 4376 779 4431 secundum
810 4375 1075 4448 quinque
1104 4373 1438 4429 tetracorda
1495 4373 1704 4428 decem
1736 4379 1791 4430 et
1824 4379 1960 4430 octo
1990 4376 2106 4431 dis-

438 4465 690 4537 paribus
737 4464 955 4521 innexa
1028 4463 1252 4518 ﬁdibus
1305 4461 1620 4518 efﬁcaciter
1688 4462 2098 4520 delectaberis.

438 4557 741 4621 Quorsum
773 4555 1025 4611 tendunt
1054 4554 1167 4610 ista
1196 4553 1223 4607 ‘I
1252 4553 1402 4608 Illud
1441 4557 1529 4608 est
1556 4552 1619 4607 in
1677 4569 1881 4610 causa.
1929 4558 2102 4611 Pera-

437 4644 620 4714 gratis
638 4644 814 4701 totius
837 4643 1035 4700 Galliae
1050 4642 1342 4716 partibus,
1368 4641 1814 4714 circumspectis
1836 4643 2102 4716 undique

436 4750 609 4790 secus
656 4733 931 4790 omnium
990 4732 1462 4789 Christianorum
1516 4730 1766 4802 ﬁnibus,
1799 4733 2099 4790 neminem

434 4823 760 4896 comperio,
790 4823 887 4877 cui
914 4821 1047 4894 pari
1065 4820 1282 4876 decore
1311 4820 1492 4875 totius
1550 4821 1796 4876 honoris
1850 4839 2101 4879 munera

433 4912 674 4969 attribui
699 4912 979 4976 debeant,
1017 4910 1172 4965 sicut
1202 4908 1326 4964 tibi.
1362 4908 1673 4975 Quocirca,
1705 4909 2099 4965 memorande

433 5003 623 5069 Pater,
647 5005 973 5073 postquam
1005 4998 1229 5069 inclyta
1256 4996 1419 5052 fama
1443 5012 1517 5051 ex
1544 4997 1658 5052 tuis
1682 4997 1846 5052 miris
1868 4998 2100 5053 actibus

432 5106 718 5161 expressa
746 5105 923 5144 aures
952 5103 1123 5142 meas
1152 5084 1383 5156 irrupit,
1415 5085 1636 5141 animis
1693 5086 1845 5140 meis
1884 5086 2101 5142 indesi-

430 5184 642 5233 nenter
668 5177 943 5233 stimulos
976 5176 1053 5231 ad
1086 5180 1140 5230 te
1172 5173 1504 5228 divertendi
1532 5174 1923 5230 ministravit:
1958 5176 2102 5247 quia

430 5267 595 5322 velut
622 5267 702 5323 ab
753 5266 887 5339 ipsa
915 5263 1329 5335 divulgatione
1361 5263 1623 5319 nominis
1654 5263 1736 5318 tui
1765 5263 1966 5331 didici,
2013 5282 2102 5321 sa-

431 5352 776 5409 tisfacturus
808 5354 1033 5426 ubique
1072 5352 1384 5409 desideriis
1410 5352 1581 5418 meis,
1614 5356 1680 5407 ut
1729 5353 2101 5423 refrigerium

430 5438 606 5493 ﬁeres
637 5456 786 5497 meae
845 5443 1233 5499 necessitatis.
1286 5444 1449 5497 Hanc
1495 5456 1640 5496 vero
1687 5442 2101 5499 necessitatem

434 5526 516 5581 ab
540 5526 916 5587 inchoatione
943 5549 1135 5604 usque
1164 5548 1328 5587 nunc
1373 5530 1659 5603 temporis
1690 5531 1903 5603 patior,
1935 5531 2102 5604 quod

433 5613 530 5668 cui
550 5616 762 5671 tantilli
790 5620 987 5689 operis
1017 5622 1422 5693 despectivam
1455 5626 1633 5693 atque
1659 5621 2101 5692 reprobabilem

432 5703 936 5799 eompOSitionem
991 5708 1071 5763 ad
1100 5710 1524 5780 corrigendum
1579 5715 2101 5799 repraesentarum,

432 5789 1078 5865 minuerem
1109 5802 1368 5869 ιρι-εδει
1416 5800 1672 5873 tecujus
1723 5800 1859 5860 laus
1913 5789 2097 5859 oculos

2235 1883 2494 1949 putetur.
2530 1882 2681 1936 Pene
2737 1883 2988 1939 dimidia
3018 1898 3159 1955 pars
3216 1885 3399 1955 hujus
3430 1885 3629 1956 operis
3656 1885 3906 1942 minime
3950 1946 3964 1980 ί

2234 1966 2469 2023 videtur
2506 1969 2806 2041 respicere
2849 1972 2928 2027 ad
2976 1972 3285 2041 negotium
3342 1972 3629 2043 utilitatis,
3687 1975 3808 2032 nisi
3857 1980 3907 2030 te

2235 2072 2500 2113 messore
2548 2059 2832 2114 sarriatur
2879 2061 3119 2116 carduis
3191 2060 3678 2133 superﬂuitatis;
3736 2065 3906 2134 quia,

2233 2144 2382 2198 dum
2414 2160 2659 2216 premor
2684 2149 2951 2219 corporis
2982 2149 3347 2216 inﬁrmitate,
3408 2149 3680 2222 dumque
3712 2169 3911 2208 saecu-

2232 2227 2449 2284 larium
2471 2246 2673 2286 rerum
2701 2231 3001 2303 impedior
3048 2233 3418 2303 necessitate,
3478 2235 3699 2290 mentis
3746 2252 3905 2292 meae

2232 2318 2470 2388 oculus,
2496 2337 2606 2375 sua
2638 2328 2849 2393 sponte
2880 2322 3205 2378 caecitatem
3238 2323 3437 2395 potius
3469 2340 3656 2395 quam
3703 2324 3908 2381 lucem

2232 2402 2675 2474 amplectendo,
2709 2406 3056 2473 suffocatur,
3075 2412 3133 2463 et
3154 2408 3559 2479 corporalium
3587 2408 3907 2466 desideriis

2232 2492 2594 2561 gaudiorum
2624 2495 2893 2565 orbatur,
2919 2505 3097 2568 atque
3130 2497 3188 2552 in
3218 2497 3518 2553 immenso
3548 2498 3781 2568 gurgite
3818 2506 3904 2556 te-
3954 2556 3965 2577 ,

2230 2582 2557 2639 nebrarum
2616 2584 3002 2655 demergitur.
3060 2585 3228 2641 Illum
3287 2586 3585 2659 siquidem
3629 2588 3903 2659 oculum,

2229 2687 2410 2743 quem
2438 2672 2576 2728 dico
2605 2674 2887 2729 subsidiis
2916 2674 3057 2730 recti
3100 2674 3343 2731 luminis
3374 2676 3721 2733 destitutum
3754 2694 3794 2732 a
3822 2684 3902 2743 te,

2228 2760 2333 2832 qui
2385 2763 2637 2818 versaris
2688 2762 2750 2818 in
2804 2780 3111 2820 sacrorum
3144 2766 3456 2838 praeceptis
3494 2765 3903 2839 eloquiorum,

2227 2855 2445 2922 exopto
2470 2852 2773 2909 illustrari.
2807 2856 3044 2909 Certum
3100 2859 3153 2910 te
3182 2855 3430 2912 reddere
3478 2855 3637 2923 volo,
3680 2860 3747 2911 ut
3770 2872 3905 2911 non

2225 2940 2410 2995 rearis
2442 2958 2539 2996 me
2564 2942 2702 2997 huic
2728 2943 2893 3014 operi
2925 2944 3170 2999 haesisse
3202 2944 3555 3012 voluntarie,
3586 2961 3697 3002 nec
3747 2945 3906 3001 illud

2225 3035 2561 3099 spontanea
2591 3030 2895 3087 voluntate
2937 3033 3208 3104 coepisse.
3240 3038 3389 3089 Ante
3417 3033 3710 3090 biennum
3731 3050 3900 3091 mor-

2224 3118 2295 3173 tis
2324 3120 2451 3189 ejus
2477 3125 2541 3174 ut
2570 3136 2736 3175 more
2766 3121 3198 3193 frequentativo
3254 3121 3337 3177 fui
3393 3122 3557 3195 apud
3603 3124 3901 3180 eximium

2222 3206 2439 3262 ducem
2480 3208 2863 3277 Richardum,
2925 3210 3198 3267 Willelmi
3255 3210 3624 3267 marchionis
3674 3212 3900 3295 filium,

2221 3296 2427 3352 volens
2455 3296 2507 3351 ei
2535 3298 2785 3354 reddere
2810 3314 2960 3354 meae
3002 3299 3299 3355 servitutis
3326 3298 3614 3369 ofﬁcium,
3646 3308 3901 3374 propter

2220 3385 2540 3441 innumera
2569 3386 2860 3443 beneficia
2890 3404 3026 3459 quae
3080 3388 3311 3459 absque
3334 3405 3468 3444 meo
3498 3390 3711 3447 merito
3742 3392 3902 3447 mihi

2219 3474 2501 3544 dignatus
2532 3482 2660 3531 erat
2704 3476 3021 3549 impartiri.
3070 3476 3182 3543 Qui
3239 3478 3511 3550 quadam
3561 3478 3657 3534 die
3683 3480 3907 3549 adgre-

2220 3564 2390 3619 diens
2412 3564 2592 3637 caepit
2619 3565 2883 3621 brachiis
2929 3566 3181 3639 piissimi
3208 3568 3431 3623 amoris
3462 3584 3559 3623 me
3590 3569 3901 3641 amplecti,

2221 3653 2464 3726 suisque
2542 3654 2905 3711 dulcissimis
2963 3656 3345 3712 sermonibus
3404 3658 3653 3727 trahere,
3708 3664 3905 3731 atque

2219 3743 2500 3814 precibus
2526 3744 2809 3814 jocundis
2838 3743 3123 3812 mulcere,
3177 3745 3324 3817 quin
3375 3746 3555 3802 etiam
3607 3747 3904 3805 detestari

2218 3837 2273 3887 et
2298 3832 2500 3902 jurare
2531 3833 2593 3888 in
2623 3834 2928 3902 charitate,
2980 3838 3064 3903 ut,
3118 3834 3165 3890 si
3191 3850 3315 3906 qua
3347 3851 3591 3908 possem
3630 3837 3896 3909 ratione,

2218 3921 2433 3978 animis
2483 3922 2606 3978 suis
2652 3923 2757 3978 diu
2803 3923 3153 3979 desideratis
3210 3924 3533 3980 moderer:
3576 3926 3803 3984 scilicet
3829 3936 3900 3984 ut

2218 4027 2418 4066 mores
2449 4015 2739 4083 actusque
2790 4012 3013 4068 telluris
3038 4014 3476 4083 Normannicae,
3509 4014 3653 4086 quid
3705 4014 3899 4070 etiam

2218 4102 2431 4173 proavi
2458 4101 2551 4157 sui
2582 4101 2843 4158 Rollonis
2874 4120 3010 4175 quae
3036 4103 3236 4175 posuit
3287 4104 3348 4159 in
3378 4120 3566 4173 regno
3586 4105 3731 4175 jura
3756 4105 3901 4161 des-

2218 4190 2527 4246 criberem.
2564 4191 2773 4264 Stupui
2795 4192 2958 4248 velut
2982 4208 3212 4263 amens,
3262 4198 3318 4249 et
3346 4209 3452 4266 per
3476 4193 3605 4248 dies
3657 4193 3903 4266 aliquot

2217 4280 2310 4334 his
2329 4279 2717 4352 petitionibus
2746 4296 2843 4336 me
2865 4281 3081 4351 negavi
3103 4282 3399 4337 abnuens.
3423 4282 3689 4339 Tandem
3717 4299 3893 4350 vero,

2218 4371 2301 4423 tot
2329 4367 2669 4439 precatibus
2699 4373 2899 4424 motus
2928 4369 3229 4442 tantisque
3256 4370 3535 4442 precibus
3577 4370 3892 4441 fatigatus,

2216 4456 2310 4512 vix
2340 4456 2481 4512 ﬂexi
2509 4457 2781 4513 animum
2809 4458 2887 4513 ad
2918 4462 3094 4515 tantae
3128 4460 3373 4516 sarcinas
3406 4460 3645 4531 pondus
3671 4460 3894 4516 hume-

2214 4546 2294 4602 ris
2350 4546 2500 4602 meis
2555 4547 3015 4619 imponendum.
3064 4552 3150 4620 Et,
3181 4565 3538 4622 quanquam
3596 4565 3779 4621 super
3810 4550 3899 4605 vi-

2212 4636 2368 4691 rium
2381 4652 2657 4693 mearum
2673 4637 3128 4708 possibilitatem
3150 4639 3265 4695 hoc
3288 4655 3417 4696 esse
3446 4654 3652 4695 recens
3663 4639 3895 4695 uissem

2212 4725 2380 4797 quod
2408 4725 2803 4793 indicebatur,
2831 4728 3049 4797 jugum
3099 4728 3246 4785 tanti
3295 4728 3493 4785 oneris
3551 4729 3704 4785 collo
3742 4745 3896 4786 meo

2212 4816 2516 4889 imposui;
2570 4817 2727 4873 illius
2778 4818 3049 4874 mandati
3107 4818 3370 4876 imitator
3397 4818 3661 4885 effectus,
3714 4820 3900 4891 quod

2211 4905 2481 4977 praecipit
2509 4921 2623 4962 nos
2652 4910 2829 4973 stare,
2854 4906 3095 4964 viriliter
3124 4922 3302 4976 agerc
3330 4912 3386 4963 et
3415 4906 3639 4964 confort
3652 4906 3758 4973 ari,
3791 4907 3895 4963 in-

2212 5011 2392 5067 super
2421 4995 2626 5052 omnia
2653 5000 2859 5052 nostra
2901 4996 2961 5051 in
3015 4996 3299 5053 charitate
3354 4996 3481 5052 ﬁeri
3504 4998 3562 5062 (Ι
3587 4996 3724 5052 Cur.
3758 5014 3891 5065 xvx,

2218 5084 2322 5155 l3).
2356 5084 2552 5156 Stylus
2580 5089 2799 5140 nostrae
2825 5084 3135 5157 imperitiae
3162 5085 3391 5140 nedum
3416 5084 3644 5155 primas
3676 5090 3892 5156 partes

2211 5174 2409 5246 operis
2440 5176 2731 5245 attigerat,
2766 5176 2883 5230 heu
2915 5176 3068 5246 proh
3097 5174 3270 5229 dolor
3305 5174 3315 5229 1
3351 5189 3490 5228 cum
3520 5174 3897 5245 lacrymabi-

2211 5261 2284 5317 lis
2308 5262 2471 5318 fama
2522 5263 2844 5318 Ricardum
2900 5267 3022 5319 toto
3063 5262 3211 5318 orbe
3264 5261 3601 5333 principem
3661 5263 3893 5321 obiisse

2212 5352 2524 5408 nuntiavit.
2576 5352 2792 5409 Omnia
2848 5353 2976 5408 haec
3006 5352 3067 5407 in
3117 5350 3324 5408 dolore
3356 5351 3539 5422 hujus
3587 5353 3891 5424 principis

2210 5441 2692 5512 postposuissem
2735 5446 2980 5514 propter
3008 5441 3265 5497 nimium
3314 5442 3519 5497 ﬂetum
3540 5441 3895 5501 intolerabi-

2208 5530 2448 5600 lemque
2479 5530 2920 5602 planctum,qui
2948 5547 3071 5587 non
3099 5530 3295 5588 solum
3315 5548 3418 5587 cor
3434 5548 3891 5599 meum,verum

2211 5620 2391 5675 etiam
2422 5620 2599 5675 totius
2630 5620 2896 5692 corporis
2918 5622 3196 5677 membra
3216 5638 3513 5693 quassans
3538 5623 3883 5693 torquebat,

2210 5709 2327 5766 nisi
2356 5725 2464 5782 per
2489 5710 3109 5783 praecellentissimum
3138 5711 3331 5770 tilium
3382 5713 3515 5784 ejus
3566 5712 3886 5785 patritium

2213 5799 2535 5861 Ricardum
2562 5801 2760 5861 adhuc
2782 5803 3161 5876 superstitem
3189 5806 3248 5861 et
3273 5802 3650 5876 pracipuum
3689 5800 3887 5861 comi-
