  <div class='ocr_page' id='page_1' title='image "/cluster/home/n/w/nwhite01/storage/ocr_20150623/140-141/uc1.31175018559917/882.png"; bbox 0 0 3968 6362; ppageno 0'>
   <div class='ocr_carea' id='block_1_1' title="bbox 100 234 3539 296">
    <p class='ocr_par' dir='ltr' id='par_1_1' title="bbox 100 234 3539 296">
     <span class='ocr_line' id='line_1_1' title="bbox 100 234 3539 296; baseline 0.001 -6"><span class='ocrx_word' id='word_1_1' title='bbox 100 239 209 291; x_wconf 82' lang='grc'><strong>613</strong></span> <span class='ocrx_word' id='word_1_2' title='bbox 1032 239 1120 292; x_wconf 88' lang='lat' dir='ltr'><strong>DE</strong></span> <span class='ocrx_word' id='word_1_3' title='bbox 1161 238 1400 292; x_wconf 88' lang='lat' dir='ltr'><strong>GESTIS</strong></span> <span class='ocrx_word' id='word_1_4' title='bbox 1441 235 1872 292; x_wconf 66' lang='lat' dir='ltr'><strong>NORMANNIE</strong></span> <span class='ocrx_word' id='word_1_5' title='bbox 1911 234 2152 292; x_wconf 78' lang='lat' dir='ltr'><strong>DUCUM</strong></span> <span class='ocrx_word' id='word_1_6' title='bbox 2192 238 2374 293; x_wconf 79' lang='lat' dir='ltr'><strong>LIBRI</strong></span> <span class='ocrx_word' id='word_1_7' title='bbox 2411 237 2607 293; x_wconf 80' lang='lat' dir='ltr'><strong>TRES.</strong></span> <span class='ocrx_word' id='word_1_8' title='bbox 3434 239 3539 296; x_wconf 70' lang='lat' dir='ltr'><strong>6M</strong></span> 
     </span>
    </p>
   </div>
   <div class='ocr_carea' id='block_1_2' title="bbox 102 359 3538 433">
    <p class='ocr_par' dir='ltr' id='par_1_2' title="bbox 102 359 3538 433">
     <span class='ocr_line' id='line_1_2' title="bbox 102 359 3538 433; baseline 0.001 -21"><span class='ocrx_word' id='word_1_9' title='bbox 102 362 226 415; x_wconf 91' lang='lat' dir='ltr'><strong>tem</strong></span> <span class='ocrx_word' id='word_1_10' title='bbox 260 359 583 415; x_wconf 83' lang='lat' dir='ltr'><strong>Rodulfum</strong></span> <span class='ocrx_word' id='word_1_11' title='bbox 612 375 703 414; x_wconf 90' lang='lat' dir='ltr'><strong>res</strong></span> <span class='ocrx_word' id='word_1_12' title='bbox 752 360 965 416; x_wconf 82' lang='lat' dir='ltr'><strong>eadem</strong></span> <span class='ocrx_word' id='word_1_13' title='bbox 1020 365 1563 433; x_wconf 65' lang='lat' dir='ltr'><strong>repraesentaretur.</strong></span> <span class='ocrx_word' id='word_1_14' title='bbox 1623 360 1765 415; x_wconf 88' lang='lat' dir='ltr'><strong>Insi-</strong></span> <span class='ocrx_word' id='word_1_15' title='bbox 1804 365 1850 415; x_wconf 77' lang='grc' dir='ltr'><strong>Α</strong></span> <span class='ocrx_word' id='word_1_16' title='bbox 1882 360 1953 414; x_wconf 89' lang='lat' dir='ltr'><strong>tis</strong></span> <span class='ocrx_word' id='word_1_17' title='bbox 1985 375 2108 414; x_wconf 90' lang='lat' dir='ltr'><strong>non</strong></span> <span class='ocrx_word' id='word_1_18' title='bbox 2134 359 2434 429; x_wconf 82' lang='lat' dir='ltr'><strong>glorietur.</strong></span> <span class='ocrx_word' id='word_1_19' title='bbox 2469 363 2604 416; x_wconf 83' lang='lat' dir='ltr'><strong>Tuae</strong></span> <span class='ocrx_word' id='word_1_20' title='bbox 2646 359 2943 430; x_wconf 84' lang='lat' dir='ltr'><strong>majestati</strong></span> <span class='ocrx_word' id='word_1_21' title='bbox 2991 359 3218 416; x_wconf 79' lang='lat' dir='ltr'><strong>mittere</strong></span> <span class='ocrx_word' id='word_1_22' title='bbox 3247 359 3538 432; x_wconf 83' lang='lat' dir='ltr'><strong>disposui,</strong></span> 
     </span>
    </p>
   </div>
   <div class='ocr_carea' id='block_1_3' title="bbox 102 448 3540 522">
    <p class='ocr_par' dir='ltr' id='par_1_3' title="bbox 102 448 3540 522">
     <span class='ocr_line' id='line_1_3' title="bbox 102 448 3540 522; baseline 0.001 -20"><span class='ocrx_word' id='word_1_23' title='bbox 102 452 274 504; x_wconf 86' lang='lat' dir='ltr'><strong>stunt</strong></span> <span class='ocrx_word' id='word_1_24' title='bbox 303 448 487 504; x_wconf 91' lang='lat' dir='ltr'><strong>ambo</strong></span> <span class='ocrx_word' id='word_1_25' title='bbox 518 448 817 519; x_wconf 78' lang='lat' dir='ltr'><strong>precibus,</strong></span> <span class='ocrx_word' id='word_1_26' title='bbox 852 454 915 504; x_wconf 92' lang='lat' dir='ltr'><strong>ut</strong></span> <span class='ocrx_word' id='word_1_27' title='bbox 945 449 1110 521; x_wconf 88' lang='lat' dir='ltr'><strong>quod</strong></span> <span class='ocrx_word' id='word_1_28' title='bbox 1168 448 1578 504; x_wconf 80' lang='lat' dir='ltr'><strong>memorabilis</strong></span> <span class='ocrx_word' id='word_1_29' title='bbox 1637 449 1770 503; x_wconf 67' lang='lat' dir='ltr'><strong>vita:</strong></span> <span class='ocrx_word' id='word_1_30' title='bbox 1883 454 1944 504; x_wconf 91' lang='lat' dir='ltr'><strong>ut</strong></span> <span class='ocrx_word' id='word_1_31' title='bbox 1973 449 2127 505; x_wconf 88' lang='lat' dir='ltr'><strong>falsa</strong></span> <span class='ocrx_word' id='word_1_32' title='bbox 2147 455 2623 522; x_wconf 84' lang='lat' dir='ltr'><strong>amputarentur,</strong></span> <span class='ocrx_word' id='word_1_33' title='bbox 2656 456 2712 505; x_wconf 90' lang='lat' dir='ltr'><strong>et</strong></span> <span class='ocrx_word' id='word_1_34' title='bbox 2737 450 2786 505; x_wconf 88' lang='lat' dir='ltr'><strong>si</strong></span> <span class='ocrx_word' id='word_1_35' title='bbox 2813 449 2960 522; x_wconf 91' lang='lat' dir='ltr'><strong>quid</strong></span> <span class='ocrx_word' id='word_1_36' title='bbox 3020 450 3284 506; x_wconf 77' lang='lat' dir='ltr'><strong>veritatis</strong></span> <span class='ocrx_word' id='word_1_37' title='bbox 3336 449 3396 505; x_wconf 91' lang='lat' dir='ltr'><strong>in</strong></span> <span class='ocrx_word' id='word_1_38' title='bbox 3442 449 3540 506; x_wconf 90' lang='lat' dir='ltr'><strong>illo</strong></span> 
     </span>
    </p>
   </div>
   <div class='ocr_carea' id='block_1_4' title="bbox 99 537 3541 609">
    <p class='ocr_par' dir='ltr' id='par_1_4' title="bbox 99 537 3541 609">
     <span class='ocr_line' id='line_1_4' title="bbox 99 537 3541 609; baseline 0.001 -18"><span class='ocrx_word' id='word_1_39' title='bbox 99 537 230 593; x_wconf 85' lang='lat' dir='ltr'><strong>dux</strong></span> <span class='ocrx_word' id='word_1_40' title='bbox 263 538 549 592; x_wconf 86' lang='lat' dir='ltr'><strong>Ricardus</strong></span> <span class='ocrx_word' id='word_1_41' title='bbox 574 538 880 608; x_wconf 90' lang='lat' dir='ltr'><strong>precando</strong></span> <span class='ocrx_word' id='word_1_42' title='bbox 905 544 1270 609; x_wconf 74' lang='lat' dir='ltr'><strong>praeceperat</strong></span> <span class='ocrx_word' id='word_1_43' title='bbox 1296 554 1684 608; x_wconf 79' lang='lat' dir='ltr'><strong>exsequerer;</strong></span> <span class='ocrx_word' id='word_1_44' title='bbox 1717 542 1772 592; x_wconf 90' lang='lat' dir='ltr'><strong>et</strong></span> <span class='ocrx_word' id='word_1_45' title='bbox 1878 537 2216 606; x_wconf 86' lang='lat' dir='ltr'><strong>haberetur,</strong></span> <span class='ocrx_word' id='word_1_46' title='bbox 2252 544 2352 594; x_wconf 89' lang='lat' dir='ltr'><strong>tua</strong></span> <span class='ocrx_word' id='word_1_47' title='bbox 2382 538 2727 594; x_wconf 80' lang='lat' dir='ltr'><strong>auctoritate</strong></span> <span class='ocrx_word' id='word_1_48' title='bbox 2760 537 3235 606; x_wconf 82' lang='lat' dir='ltr'><strong>conﬁrmaretur,</strong></span> <span class='ocrx_word' id='word_1_49' title='bbox 3266 543 3332 594; x_wconf 91' lang='lat' dir='ltr'><strong>ut</strong></span> <span class='ocrx_word' id='word_1_50' title='bbox 3360 538 3541 595; x_wconf 86' lang='lat' dir='ltr'><strong>mira-</strong></span> 
     </span>
    </p>
   </div>
   <div class='ocr_carea' id='block_1_5' title="bbox 99 626 3541 699">
    <p class='ocr_par' dir='ltr' id='par_1_5' title="bbox 99 626 3541 699">
     <span class='ocr_line' id='line_1_5' title="bbox 99 626 3541 699; baseline 0.001 -19"><span class='ocrx_word' id='word_1_51' title='bbox 99 642 178 680; x_wconf 90' lang='lat' dir='ltr'><strong>ne</strong></span> <span class='ocrx_word' id='word_1_52' title='bbox 213 626 614 698; x_wconf 88' lang='lat' dir='ltr'><strong>propositum,</strong></span> <span class='ocrx_word' id='word_1_53' title='bbox 647 627 811 698; x_wconf 88' lang='lat' dir='ltr'><strong>quod</strong></span> <span class='ocrx_word' id='word_1_54' title='bbox 843 626 922 680; x_wconf 89' lang='lat' dir='ltr'><strong>illi</strong></span> <span class='ocrx_word' id='word_1_55' title='bbox 955 627 1429 698; x_wconf 90' lang='lat' dir='ltr'><strong>spoponderam,</strong></span> <span class='ocrx_word' id='word_1_56' title='bbox 1480 627 1540 680; x_wconf 90' lang='lat' dir='ltr'><strong>in</strong></span> <span class='ocrx_word' id='word_1_57' title='bbox 1594 626 1770 681; x_wconf 88' lang='lat' dir='ltr'><strong>bilin-</strong></span> <span class='ocrx_word' id='word_1_58' title='bbox 1878 626 2012 680; x_wconf 84' lang='lat' dir='ltr'><strong>bilis</strong></span> <span class='ocrx_word' id='word_1_59' title='bbox 2047 628 2389 682; x_wconf 92' lang='lat' dir='ltr'><strong>mercedum</strong></span> <span class='ocrx_word' id='word_1_60' title='bbox 2420 627 2758 690; x_wconf 83' lang='lat' dir='ltr'><strong>retributor,</strong></span> <span class='ocrx_word' id='word_1_61' title='bbox 2792 627 2897 699; x_wconf 88' lang='lat' dir='ltr'><strong>qui</strong></span> <span class='ocrx_word' id='word_1_62' title='bbox 2927 627 3214 686; x_wconf 84' lang='lat' dir='ltr'><strong>eximium</strong></span> <span class='ocrx_word' id='word_1_63' title='bbox 3245 628 3541 686; x_wconf 83' lang='lat' dir='ltr'><strong>marchio-</strong></span> 
     </span>
    </p>
   </div>
   <div class='ocr_carea' id='block_1_6' title="bbox 102 715 3538 787">
    <p class='ocr_par' dir='ltr' id='par_1_6' title="bbox 102 715 3538 787">
     <span class='ocr_line' id='line_1_6' title="bbox 102 715 3538 787; baseline 0.001 -18"><span class='ocrx_word' id='word_1_64' title='bbox 102 715 347 783; x_wconf 88' lang='lat' dir='ltr'><strong>guitatis</strong></span> <span class='ocrx_word' id='word_1_65' title='bbox 382 715 590 770; x_wconf 83' lang='lat' dir='ltr'><strong>vitium</strong></span> <span class='ocrx_word' id='word_1_66' title='bbox 623 732 886 785; x_wconf 85' lang='lat' dir='ltr'><strong>versum,</strong></span> <span class='ocrx_word' id='word_1_67' title='bbox 944 716 1245 770; x_wconf 86' lang='lat' dir='ltr'><strong>videretur</strong></span> <span class='ocrx_word' id='word_1_68' title='bbox 1303 715 1422 770; x_wconf 91' lang='lat' dir='ltr'><strong>ullo</strong></span> <span class='ocrx_word' id='word_1_69' title='bbox 1474 715 1771 770; x_wconf 85' lang='lat' dir='ltr'><strong>mendacii</strong></span> <span class='ocrx_word' id='word_1_70' title='bbox 1881 732 2019 770; x_wconf 89' lang='lat' dir='ltr'><strong>nem</strong></span> <span class='ocrx_word' id='word_1_71' title='bbox 2075 716 2394 771; x_wconf 78' lang='lat' dir='ltr'><strong>Ricardum</strong></span> <span class='ocrx_word' id='word_1_72' title='bbox 2450 717 2511 771; x_wconf 91' lang='lat' dir='ltr'><strong>in</strong></span> <span class='ocrx_word' id='word_1_73' title='bbox 2569 716 2854 787; x_wconf 83' lang='lat' dir='ltr'><strong>paradiso</strong></span> <span class='ocrx_word' id='word_1_74' title='bbox 2881 716 3082 785; x_wconf 80' lang='lat' dir='ltr'><strong>gloriae</strong></span> <span class='ocrx_word' id='word_1_75' title='bbox 3132 733 3254 772; x_wconf 64' lang='lat' dir='ltr'><strong>suae</strong></span> <span class='ocrx_word' id='word_1_76' title='bbox 3301 717 3538 786; x_wconf 81' lang='lat' dir='ltr'><strong>locavit,</strong></span> 
     </span>
    </p>
   </div>
   <div class='ocr_carea' id='block_1_7' title="bbox 100 803 3539 876">
    <p class='ocr_par' dir='ltr' id='par_1_7' title="bbox 100 803 3539 876">
     <span class='ocr_line' id='line_1_7' title="bbox 100 803 3539 876; baseline 0.002 -19"><span class='ocrx_word' id='word_1_77' title='bbox 100 803 562 875; x_wconf 87' lang='lat' dir='ltr'><strong>inquinamento</strong></span> <span class='ocrx_word' id='word_1_78' title='bbox 589 803 793 876; x_wconf 91' lang='lat' dir='ltr'><strong>pollui,</strong></span> <span class='ocrx_word' id='word_1_79' title='bbox 829 804 932 857; x_wconf 86' lang='lat' dir='ltr'><strong>sed</strong></span> <span class='ocrx_word' id='word_1_80' title='bbox 974 804 1197 876; x_wconf 89' lang='lat' dir='ltr'><strong>pollere</strong></span> <span class='ocrx_word' id='word_1_81' title='bbox 1253 804 1432 858; x_wconf 87' lang='lat' dir='ltr'><strong>totius</strong></span> <span class='ocrx_word' id='word_1_82' title='bbox 1485 803 1769 858; x_wconf 90' lang='lat' dir='ltr'><strong>modullis</strong></span> <span class='ocrx_word' id='word_1_83' title='bbox 1881 805 2030 859; x_wconf 90' lang='lat' dir='ltr'><strong>sicut</strong></span> <span class='ocrx_word' id='word_1_84' title='bbox 2061 810 2112 860; x_wconf 86' lang='lat' dir='ltr'><strong>te</strong></span> <span class='ocrx_word' id='word_1_85' title='bbox 2143 810 2411 860; x_wconf 80' lang='lat' dir='ltr'><strong>erexerat</strong></span> <span class='ocrx_word' id='word_1_86' title='bbox 2440 823 2559 859; x_wconf 87' lang='lat' dir='ltr'><strong>suae</strong></span> <span class='ocrx_word' id='word_1_87' title='bbox 2588 811 2807 860; x_wconf 80' lang='lat' dir='ltr'><strong>sanctae</strong></span> <span class='ocrx_word' id='word_1_88' title='bbox 2856 805 3124 860; x_wconf 80' lang='lat' dir='ltr'><strong>Ecclesiae</strong></span> <span class='ocrx_word' id='word_1_89' title='bbox 3172 805 3539 874; x_wconf 79' lang='lat' dir='ltr'><strong>columnam,</strong></span> 
     </span>
    </p>
   </div>
   <div class='ocr_carea' id='block_1_8' title="bbox 101 892 3542 965">
    <p class='ocr_par' dir='ltr' id='par_1_8' title="bbox 101 892 3542 965">
     <span class='ocr_line' id='line_1_8' title="bbox 101 892 3542 965; baseline 0.002 -20"><span class='ocrx_word' id='word_1_90' title='bbox 101 892 438 947; x_wconf 87' lang='lat' dir='ltr'><strong>intellectus</strong></span> <span class='ocrx_word' id='word_1_91' title='bbox 521 892 765 958; x_wconf 87' lang='lat' dir='ltr'><strong>intimis,</strong></span> <span class='ocrx_word' id='word_1_92' title='bbox 849 898 1274 948; x_wconf 81' lang='lat' dir='ltr'><strong>contestantur.</strong></span> <span class='ocrx_word' id='word_1_93' title='bbox 1373 893 1771 964; x_wconf 85' lang='lat' dir='ltr'><strong>Acquiescens</strong></span> <span class='ocrx_word' id='word_1_94' title='bbox 1879 893 1958 947; x_wconf 92' lang='lat' dir='ltr'><strong>ita</strong></span> <span class='ocrx_word' id='word_1_95' title='bbox 1990 899 2143 948; x_wconf 88' lang='lat' dir='ltr'><strong>serto</strong></span> <span class='ocrx_word' id='word_1_96' title='bbox 2174 893 2422 965; x_wconf 90' lang='lat' dir='ltr'><strong>perenni</strong></span> <span class='ocrx_word' id='word_1_97' title='bbox 2453 898 2733 948; x_wconf 87' lang='lat' dir='ltr'><strong>ornatum</strong></span> <span class='ocrx_word' id='word_1_98' title='bbox 2764 893 3248 949; x_wconf 85' lang='lat' dir='ltr'><strong>eonstituatinter</strong></span> <span class='ocrx_word' id='word_1_99' title='bbox 3268 895 3542 952; x_wconf 87' lang='lat' dir='ltr'><strong>omnium</strong></span> 
     </span>
    </p>
   </div>
   <div class='ocr_carea' id='block_1_9' title="bbox 100 981 3326 1053">
    <p class='ocr_par' dir='ltr' id='par_1_9' title="bbox 100 981 3326 1053">
     <span class='ocr_line' id='line_1_9' title="bbox 100 981 3326 1053; baseline 0.002 -18"><span class='ocrx_word' id='word_1_100' title='bbox 100 982 417 1052; x_wconf 69' lang='lat' dir='ltr'><strong>praeceptis</strong></span> <span class='ocrx_word' id='word_1_101' title='bbox 450 982 849 1053; x_wconf 83' lang='lat' dir='ltr'><strong>precibusque</strong></span> <span class='ocrx_word' id='word_1_102' title='bbox 882 999 1110 1047; x_wconf 90' lang='lat' dir='ltr'><strong>eorum,</strong></span> <span class='ocrx_word' id='word_1_103' title='bbox 1163 988 1476 1037; x_wconf 89' lang='lat' dir='ltr'><strong>exsecutus</strong></span> <span class='ocrx_word' id='word_1_104' title='bbox 1527 999 1663 1036; x_wconf 87' lang='lat' dir='ltr'><strong>sum</strong></span> <span class='ocrx_word' id='word_1_105' title='bbox 1711 981 1772 1036; x_wconf 90' lang='lat' dir='ltr'><strong>li-</strong></span> <span class='ocrx_word' id='word_1_106' title='bbox 1882 987 2226 1036; x_wconf 87' lang='lat' dir='ltr'><strong>sanctorum</strong></span> <span class='ocrx_word' id='word_1_107' title='bbox 2253 984 2466 1038; x_wconf 89' lang='lat' dir='ltr'><strong>choros</strong></span> <span class='ocrx_word' id='word_1_108' title='bbox 2495 987 2833 1038; x_wconf 83' lang='lat' dir='ltr'><strong>senatorem</strong></span> <span class='ocrx_word' id='word_1_109' title='bbox 2865 982 3124 1038; x_wconf 69' lang='lat' dir='ltr'><strong>caelestis</strong></span> <span class='ocrx_word' id='word_1_110' title='bbox 3155 982 3326 1040; x_wconf 75' lang='lat' dir='ltr'><strong>aulae.</strong></span> 
     </span>
    </p>
   </div>
   <div class='ocr_carea' id='block_1_10' title="bbox 101 1070 1771 1142">
    <p class='ocr_par' dir='ltr' id='par_1_10' title="bbox 101 1070 1771 1142">
     <span class='ocr_line' id='line_1_10' title="bbox 101 1070 1771 1142; baseline 0.001 -18"><span class='ocrx_word' id='word_1_111' title='bbox 101 1074 195 1124; x_wconf 88' lang='lat' dir='ltr'><strong>cet</strong></span> <span class='ocrx_word' id='word_1_112' title='bbox 223 1070 548 1125; x_wconf 87' lang='lat' dir='ltr'><strong>dialecticis</strong></span> <span class='ocrx_word' id='word_1_113' title='bbox 581 1070 964 1142; x_wconf 84' lang='lat' dir='ltr'><strong>syllogismis.</strong></span> <span class='ocrx_word' id='word_1_114' title='bbox 993 1087 1103 1126; x_wconf 89' lang='lat' dir='ltr'><strong>nec</strong></span> <span class='ocrx_word' id='word_1_115' title='bbox 1126 1071 1433 1127; x_wconf 88' lang='lat' dir='ltr'><strong>rhetoricis</strong></span> <span class='ocrx_word' id='word_1_116' title='bbox 1455 1087 1771 1139; x_wconf 85' lang='lat' dir='ltr'><strong>argumen-</strong></span> 
     </span>
    </p>
   </div>
   <div class='ocr_carea' id='block_1_11' title="bbox 1397 1195 2248 1251">
    <p class='ocr_par' dir='ltr' id='par_1_11' title="bbox 1397 1195 2248 1251">
     <span class='ocr_line' id='line_1_11' title="bbox 1397 1195 2248 1251; baseline 0.002 -2"><span class='ocrx_word' id='word_1_117' title='bbox 1397 1195 1788 1251; x_wconf 75' lang='lat' dir='ltr'><strong>ALLOCUTIO</strong></span> <span class='ocrx_word' id='word_1_118' title='bbox 1829 1197 1922 1249; x_wconf 83' lang='lat' dir='ltr'><strong>AD</strong></span> <span class='ocrx_word' id='word_1_119' title='bbox 1967 1197 2248 1251; x_wconf 78' lang='lat' dir='ltr'><strong>LIBRUM.</strong></span> 
     </span>
    </p>
   </div>
   <div class='ocr_carea' id='block_1_12' title="bbox 101 1299 3323 1372">
    <p class='ocr_par' dir='ltr' id='par_1_12' title="bbox 101 1299 3323 1372">
     <span class='ocr_line' id='line_1_12' title="bbox 101 1299 3323 1372; baseline 0.002 -19"><span class='ocrx_word' id='word_1_120' title='bbox 101 1301 383 1354; x_wconf 86' lang='lat' dir='ltr'><strong>&#39;I‘hemate</strong></span> <span class='ocrx_word' id='word_1_121' title='bbox 414 1299 684 1371; x_wconf 87' lang='lat' dir='ltr'><strong>pertenui</strong></span> <span class='ocrx_word' id='word_1_122' title='bbox 711 1301 1000 1372; x_wconf 87' lang='lat' dir='ltr'><strong>quoniam</strong></span> <span class='ocrx_word' id='word_1_123' title='bbox 1023 1301 1294 1368; x_wconf 86' lang='lat' dir='ltr'><strong>digestus</strong></span> <span class='ocrx_word' id='word_1_124' title='bbox 1325 1301 1585 1369; x_wconf 89' lang='lat' dir='ltr'><strong>haberis,</strong></span> <span class='ocrx_word' id='word_1_125' title='bbox 1876 1301 2083 1355; x_wconf 84' lang='lat' dir='ltr'><strong>Acrius</strong></span> <span class='ocrx_word' id='word_1_126' title='bbox 2115 1301 2207 1356; x_wconf 92' lang='lat' dir='ltr'><strong>his</strong></span> <span class='ocrx_word' id='word_1_127' title='bbox 2237 1301 2420 1357; x_wconf 89' lang='lat' dir='ltr'><strong>furias</strong></span> <span class='ocrx_word' id='word_1_128' title='bbox 2449 1318 2657 1357; x_wconf 90' lang='lat' dir='ltr'><strong>amens</strong></span> <span class='ocrx_word' id='word_1_129' title='bbox 2689 1301 2972 1358; x_wconf 88' lang='lat' dir='ltr'><strong>baccetur</strong></span> <span class='ocrx_word' id='word_1_130' title='bbox 3001 1302 3060 1357; x_wconf 91' lang='lat' dir='ltr'><strong>in</strong></span> <span class='ocrx_word' id='word_1_131' title='bbox 3093 1319 3323 1372; x_wconf 89' lang='lat' dir='ltr'><strong>omnes,</strong></span> 
     </span>
    </p>
   </div>
   <div class='ocr_carea' id='block_1_13' title="bbox 102 1387 1523 1458">
    <p class='ocr_par' dir='ltr' id='par_1_13' title="bbox 102 1387 1523 1458">
     <span class='ocr_line' id='line_1_13' title="bbox 102 1387 1523 1458; baseline 0.001 -16"><span class='ocrx_word' id='word_1_132' title='bbox 102 1387 414 1442; x_wconf 82' lang='lat' dir='ltr'><strong>Rhetorica</strong></span> <span class='ocrx_word' id='word_1_133' title='bbox 445 1387 672 1444; x_wconf 82' lang='lat' dir='ltr'><strong>ratione</strong></span> <span class='ocrx_word' id='word_1_134' title='bbox 706 1405 915 1444; x_wconf 86' lang='lat' dir='ltr'><strong>carens</strong></span> <span class='ocrx_word' id='word_1_135' title='bbox 947 1389 1304 1444; x_wconf 86' lang='lat' dir='ltr'><strong>dulcaminis</strong></span> <span class='ocrx_word' id='word_1_136' title='bbox 1337 1390 1523 1458; x_wconf 89' lang='lat' dir='ltr'><strong>omni,</strong></span> 
     </span>
    </p>
   </div>
   <div class='ocr_carea' id='block_1_14' title="bbox 102 1477 1427 1550">
    <p class='ocr_par' dir='ltr' id='par_1_14' title="bbox 102 1477 1427 1550">
     <span class='ocr_line' id='line_1_14' title="bbox 102 1477 1427 1550; baseline 0.002 -18"><span class='ocrx_word' id='word_1_137' title='bbox 102 1477 296 1546; x_wconf 88' lang='lat' dir='ltr'><strong>Liber,</strong></span> <span class='ocrx_word' id='word_1_138' title='bbox 329 1477 561 1532; x_wconf 89' lang='lat' dir='ltr'><strong>interno</strong></span> <span class='ocrx_word' id='word_1_139' title='bbox 587 1494 724 1532; x_wconf 90' lang='lat' dir='ltr'><strong>cum</strong></span> <span class='ocrx_word' id='word_1_140' title='bbox 749 1484 799 1533; x_wconf 91' lang='lat' dir='ltr'><strong>te</strong></span> <span class='ocrx_word' id='word_1_141' title='bbox 833 1484 1174 1550; x_wconf 79' lang='lat' dir='ltr'><strong>perscrutor</strong></span> <span class='ocrx_word' id='word_1_142' title='bbox 1201 1480 1388 1534; x_wconf 83' lang='lat' dir='ltr'><strong>ocello</strong></span> <span class='ocrx_word' id='word_1_143' title='bbox 1415 1499 1427 1545; x_wconf 89' lang='lat'><strong>;</strong></span> 
     </span>
    </p>
   </div>
   <div class='ocr_carea' id='block_1_15' title="bbox 101 1565 1535 1638">
    <p class='ocr_par' dir='ltr' id='par_1_15' title="bbox 101 1565 1535 1638">
     <span class='ocr_line' id='line_1_15' title="bbox 101 1565 1535 1638; baseline 0.001 -18"><span class='ocrx_word' id='word_1_144' title='bbox 101 1570 272 1636; x_wconf 66' lang='lat' dir='ltr'><strong>Aigre</strong></span> <span class='ocrx_word' id='word_1_145' title='bbox 303 1565 414 1619; x_wconf 83' lang='lat' dir='ltr'><strong>fert</strong></span> <span class='ocrx_word' id='word_1_146' title='bbox 443 1565 681 1620; x_wconf 87' lang='lat' dir='ltr'><strong>animus</strong></span> <span class='ocrx_word' id='word_1_147' title='bbox 713 1567 876 1638; x_wconf 85' lang='lat' dir='ltr'><strong>quod</strong></span> <span class='ocrx_word' id='word_1_148' title='bbox 905 1567 1082 1637; x_wconf 90' lang='lat' dir='ltr'><strong>vulgo</strong></span> <span class='ocrx_word' id='word_1_149' title='bbox 1114 1569 1329 1622; x_wconf 73' lang='lat' dir='ltr'><strong>ducere</strong></span> <span class='ocrx_word' id='word_1_150' title='bbox 1360 1567 1535 1636; x_wconf 84' lang='lat' dir='ltr'><strong>gestis</strong></span> 
     </span>
    </p>
   </div>
   <div class='ocr_carea' id='block_1_16' title="bbox 102 1654 1729 1726">
    <p class='ocr_par' dir='ltr' id='par_1_16' title="bbox 102 1654 1729 1726">
     <span class='ocr_line' id='line_1_16' title="bbox 102 1654 1729 1726; baseline 0.002 -19"><span class='ocrx_word' id='word_1_151' title='bbox 102 1656 245 1719; x_wconf 83' lang='lat' dir='ltr'><strong>Quae</strong></span> <span class='ocrx_word' id='word_1_152' title='bbox 273 1654 503 1720; x_wconf 83' lang='lat' dir='ltr'><strong>digesta</strong></span> <span class='ocrx_word' id='word_1_153' title='bbox 538 1654 690 1725; x_wconf 66' lang='lat' dir='ltr'><strong>style</strong></span> <span class='ocrx_word' id='word_1_154' title='bbox 719 1654 1132 1726; x_wconf 83' lang='lat' dir='ltr'><strong>nequidquam</strong></span> <span class='ocrx_word' id='word_1_155' title='bbox 1166 1658 1471 1711; x_wconf 84' lang='lat' dir='ltr'><strong>schemata</strong></span> <span class='ocrx_word' id='word_1_156' title='bbox 1502 1660 1729 1722; x_wconf 87' lang='lat' dir='ltr'><strong>nostro,</strong></span> 
     </span>
    </p>
   </div>
   <div class='ocr_carea' id='block_1_17' title="bbox 102 1743 1479 1816">
    <p class='ocr_par' dir='ltr' id='par_1_17' title="bbox 102 1743 1479 1816">
     <span class='ocr_line' id='line_1_17' title="bbox 102 1743 1479 1816; baseline 0.001 -18"><span class='ocrx_word' id='word_1_157' title='bbox 102 1747 169 1798; x_wconf 87' lang='lat' dir='ltr'><strong>Et</strong></span> <span class='ocrx_word' id='word_1_158' title='bbox 196 1743 588 1798; x_wconf 86' lang='lat' dir='ltr'><strong>subsanneris</strong></span> <span class='ocrx_word' id='word_1_159' title='bbox 623 1743 850 1798; x_wconf 89' lang='lat' dir='ltr'><strong>tumido</strong></span> <span class='ocrx_word' id='word_1_160' title='bbox 881 1745 1171 1816; x_wconf 86' lang='lat' dir='ltr'><strong>vafroque</strong></span> <span class='ocrx_word' id='word_1_161' title='bbox 1205 1745 1479 1800; x_wconf 86' lang='lat' dir='ltr'><strong>tumultu.</strong></span> 
     </span>
    </p>
   </div>
   <div class='ocr_carea' id='block_1_18' title="bbox 105 1832 1506 1906">
    <p class='ocr_par' dir='ltr' id='par_1_18' title="bbox 105 1832 1506 1906">
     <span class='ocr_line' id='line_1_18' title="bbox 105 1832 1506 1906; baseline 0 -18"><span class='ocrx_word' id='word_1_162' title='bbox 105 1832 162 1889; x_wconf 90' lang='lat' dir='ltr'><strong>Si</strong></span> <span class='ocrx_word' id='word_1_163' title='bbox 194 1837 247 1886; x_wconf 92' lang='lat' dir='ltr'><strong>te</strong></span> <span class='ocrx_word' id='word_1_164' title='bbox 281 1837 656 1898; x_wconf 88' lang='lat' dir='ltr'><strong>conservent,</strong></span> <span class='ocrx_word' id='word_1_165' title='bbox 688 1832 1016 1904; x_wconf 86' lang='lat' dir='ltr'><strong>studiisque</strong></span> <span class='ocrx_word' id='word_1_166' title='bbox 1051 1833 1243 1901; x_wconf 85' lang='lat' dir='ltr'><strong>sigilla</strong></span> <span class='ocrx_word' id='word_1_167' title='bbox 1274 1833 1506 1906; x_wconf 87' lang='lat' dir='ltr'><strong>pudicis</strong></span> 
     </span>
    </p>
   </div>
   <div class='ocr_carea' id='block_1_19' title="bbox 100 1919 1430 1986">
    <p class='ocr_par' dir='ltr' id='par_1_19' title="bbox 100 1919 1430 1986">
     <span class='ocr_line' id='line_1_19' title="bbox 100 1919 1430 1986; baseline -0.001 -11"><span class='ocrx_word' id='word_1_168' title='bbox 100 1919 448 1975; x_wconf 79' lang='lat' dir='ltr'><strong>Pestifcrum</strong></span> <span class='ocrx_word' id='word_1_169' title='bbox 475 1921 766 1976; x_wconf 87' lang='lat' dir='ltr'><strong>intentant</strong></span> <span class='ocrx_word' id='word_1_170' title='bbox 798 1923 1003 1977; x_wconf 87' lang='lat' dir='ltr'><strong>secreti</strong></span> <span class='ocrx_word' id='word_1_171' title='bbox 1037 1922 1205 1977; x_wconf 72' lang='lat' dir='ltr'><strong>tzedia</strong></span> <span class='ocrx_word' id='word_1_172' title='bbox 1234 1923 1430 1986; x_wconf 84' lang='lat' dir='ltr'><strong>nobis,</strong></span> 
     </span>
    </p>
   </div>
   <div class='ocr_carea' id='block_1_20' title="bbox 101 2009 1610 2081">
    <p class='ocr_par' dir='ltr' id='par_1_20' title="bbox 101 2009 1610 2081">
     <span class='ocr_line' id='line_1_20' title="bbox 101 2009 1610 2081; baseline 0.001 -17"><span class='ocrx_word' id='word_1_173' title='bbox 101 2009 387 2081; x_wconf 77' lang='lat' dir='ltr'><strong>Auripluo</strong></span> <span class='ocrx_word' id='word_1_174' title='bbox 415 2011 705 2081; x_wconf 86' lang='lat' dir='ltr'><strong>quoniam</strong></span> <span class='ocrx_word' id='word_1_175' title='bbox 737 2013 976 2066; x_wconf 88' lang='lat' dir='ltr'><strong>Danaen</strong></span> <span class='ocrx_word' id='word_1_176' title='bbox 1009 2013 1100 2066; x_wconf 86' lang='lat' dir='ltr'><strong>vix</strong></span> <span class='ocrx_word' id='word_1_177' title='bbox 1135 2012 1274 2066; x_wconf 87' lang='lat' dir='ltr'><strong>texit</strong></span> <span class='ocrx_word' id='word_1_178' title='bbox 1304 2013 1381 2067; x_wconf 89' lang='lat' dir='ltr'><strong>ab</strong></span> <span class='ocrx_word' id='word_1_179' title='bbox 1415 2013 1610 2080; x_wconf 86' lang='lat' dir='ltr'><strong>imbri,</strong></span> 
     </span>
    </p>
   </div>
   <div class='ocr_carea' id='block_1_21' title="bbox 105 2098 1481 2170">
    <p class='ocr_par' dir='ltr' id='par_1_21' title="bbox 105 2098 1481 2170">
     <span class='ocr_line' id='line_1_21' title="bbox 105 2098 1481 2170; baseline 0.002 -18"><span class='ocrx_word' id='word_1_180' title='bbox 105 2101 174 2153; x_wconf 89' lang='lat' dir='ltr'><strong>Ut</strong></span> <span class='ocrx_word' id='word_1_181' title='bbox 204 2098 425 2170; x_wconf 89' lang='lat' dir='ltr'><strong>promit</strong></span> <span class='ocrx_word' id='word_1_182' title='bbox 455 2101 663 2169; x_wconf 73' lang='lat' dir='ltr'><strong>mytlio</strong></span> <span class='ocrx_word' id='word_1_183' title='bbox 698 2100 1056 2170; x_wconf 71' lang='lat' dir='ltr'><strong>Fulgentius,</strong></span> <span class='ocrx_word' id='word_1_184' title='bbox 1090 2118 1254 2157; x_wconf 77' lang='lat' dir='ltr'><strong>aenea</strong></span> <span class='ocrx_word' id='word_1_185' title='bbox 1287 2102 1481 2156; x_wconf 85' lang='lat' dir='ltr'><strong>turris.</strong></span> 
     </span>
    </p>
   </div>
   <div class='ocr_carea' id='block_1_22' title="bbox 104 2189 1767 2263">
    <p class='ocr_par' dir='ltr' id='par_1_22' title="bbox 104 2189 1767 2263">
     <span class='ocr_line' id='line_1_22' title="bbox 104 2189 1767 2263; baseline 0.001 -21"><span class='ocrx_word' id='word_1_186' title='bbox 104 2193 217 2242; x_wconf 73' lang='lat' dir='ltr'><strong>Aut</strong></span> <span class='ocrx_word' id='word_1_187' title='bbox 247 2203 464 2258; x_wconf 81' lang='lat' dir='ltr'><strong>pergas</strong></span> <span class='ocrx_word' id='word_1_188' title='bbox 499 2189 964 2244; x_wconf 80' lang='lat' dir='ltr'><strong>Northmannica</strong></span> <span class='ocrx_word' id='word_1_189' title='bbox 988 2207 1144 2245; x_wconf 85' lang='lat' dir='ltr'><strong>nunc</strong></span> <span class='ocrx_word' id='word_1_190' title='bbox 1174 2192 1492 2262; x_wconf 73' lang='lat' dir='ltr'><strong>gymnasia</strong></span> <span class='ocrx_word' id='word_1_191' title='bbox 1515 2208 1767 2263; x_wconf 68' lang='lat' dir='ltr'><strong>praepes,</strong></span> 
     </span>
    </p>
   </div>
   <div class='ocr_carea' id='block_1_23' title="bbox 105 2277 1612 2350">
    <p class='ocr_par' dir='ltr' id='par_1_23' title="bbox 105 2277 1612 2350">
     <span class='ocr_line' id='line_1_23' title="bbox 105 2277 1612 2350; baseline 0.002 -18"><span class='ocrx_word' id='word_1_192' title='bbox 105 2283 219 2332; x_wconf 85' lang='lat' dir='ltr'><strong>Aut</strong></span> <span class='ocrx_word' id='word_1_193' title='bbox 251 2277 469 2331; x_wconf 86' lang='lat' dir='ltr'><strong>scholis</strong></span> <span class='ocrx_word' id='word_1_194' title='bbox 503 2277 744 2333; x_wconf 87' lang='lat' dir='ltr'><strong>clausus</strong></span> <span class='ocrx_word' id='word_1_195' title='bbox 774 2280 1099 2334; x_wconf 85' lang='lat' dir='ltr'><strong>Franciscis</strong></span> <span class='ocrx_word' id='word_1_196' title='bbox 1127 2281 1255 2350; x_wconf 86' lang='lat' dir='ltr'><strong>jam</strong></span> <span class='ocrx_word' id='word_1_197' title='bbox 1280 2280 1612 2335; x_wconf 88' lang='lat' dir='ltr'><strong>moruleris.</strong></span> 
     </span>
    </p>
   </div>
   <div class='ocr_carea' id='block_1_24' title="bbox 108 2366 1580 2436">
    <p class='ocr_par' dir='ltr' id='par_1_24' title="bbox 108 2366 1580 2436">
     <span class='ocr_line' id='line_1_24' title="bbox 108 2366 1580 2436; baseline 0.003 -15"><span class='ocrx_word' id='word_1_198' title='bbox 108 2366 440 2421; x_wconf 83' lang='lat' dir='ltr'><strong>Ridiculam</strong></span> <span class='ocrx_word' id='word_1_199' title='bbox 472 2382 680 2421; x_wconf 87' lang='lat' dir='ltr'><strong>vereor</strong></span> <span class='ocrx_word' id='word_1_200' title='bbox 709 2367 883 2422; x_wconf 89' lang='lat' dir='ltr'><strong>nobis</strong></span> <span class='ocrx_word' id='word_1_201' title='bbox 917 2374 1006 2423; x_wconf 88' lang='lat' dir='ltr'><strong>sat</strong></span> <span class='ocrx_word' id='word_1_202' title='bbox 1032 2386 1271 2436; x_wconf 77' lang='lat' dir='ltr'><strong>surgere</strong></span> <span class='ocrx_word' id='word_1_203' title='bbox 1304 2387 1580 2436; x_wconf 77' lang='lat' dir='ltr'><strong>saliuam,</strong></span> 
     </span>
    </p>
   </div>
   <div class='ocr_carea' id='block_1_25' title="bbox 112 2454 1718 2532">
    <p class='ocr_par' dir='ltr' id='par_1_25' title="bbox 112 2454 1718 2532">
     <span class='ocr_line' id='line_1_25' title="bbox 112 2454 1718 2532; baseline 0.005 -25"><span class='ocrx_word' id='word_1_204' title='bbox 112 2454 168 2508; x_wconf 92' lang='lat' dir='ltr'><strong>Si</strong></span> <span class='ocrx_word' id='word_1_205' title='bbox 193 2454 518 2528; x_wconf 85' lang='lat' dir='ltr'><strong>impatiens</strong></span> <span class='ocrx_word' id='word_1_206' title='bbox 553 2455 768 2511; x_wconf 85' lang='lat' dir='ltr'><strong>refutes</strong></span> <span class='ocrx_word' id='word_1_207' title='bbox 802 2457 1030 2511; x_wconf 80' lang='lat' dir='ltr'><strong>clavem</strong></span> <span class='ocrx_word' id='word_1_208' title='bbox 1064 2474 1224 2512; x_wconf 89' lang='lat' dir='ltr'><strong>nunc</strong></span> <span class='ocrx_word' id='word_1_209' title='bbox 1256 2459 1424 2513; x_wconf 86' lang='lat' dir='ltr'><strong>obice</strong></span> <span class='ocrx_word' id='word_1_210' title='bbox 1451 2460 1718 2532; x_wconf 85' lang='lat' dir='ltr'><strong>dempto,</strong></span> 
     </span>
    </p>
   </div>
   <div class='ocr_carea' id='block_1_26' title="bbox 112 2542 1334 2618">
    <p class='ocr_par' dir='ltr' id='par_1_26' title="bbox 112 2542 1334 2618">
     <span class='ocr_line' id='line_1_26' title="bbox 112 2542 1334 2618; baseline 0.003 -22"><span class='ocrx_word' id='word_1_211' title='bbox 112 2545 174 2596; x_wconf 83' lang='lat' dir='ltr'><strong>Et</strong></span> <span class='ocrx_word' id='word_1_212' title='bbox 197 2542 257 2597; x_wconf 91' lang='lat' dir='ltr'><strong>in</strong></span> <span class='ocrx_word' id='word_1_213' title='bbox 289 2545 325 2564; x_wconf 89' lang='lat'>&quot;</span> <span class='ocrx_word' id='word_1_214' title='bbox 350 2545 624 2614; x_wconf 88' lang='lat' dir='ltr'><strong>proprias</strong></span> <span class='ocrx_word' id='word_1_215' title='bbox 657 2551 881 2613; x_wconf 59' lang='lat' dir='ltr'><strong>argutae</strong></span> <span class='ocrx_word' id='word_1_216' title='bbox 907 2545 1097 2618; x_wconf 83' lang='lat' dir='ltr'><strong>plebis</strong></span> <span class='ocrx_word' id='word_1_217' title='bbox 1129 2546 1188 2600; x_wconf 91' lang='lat' dir='ltr'><strong>in</strong></span> <span class='ocrx_word' id='word_1_218' title='bbox 1211 2563 1334 2602; x_wconf 90' lang='lat' dir='ltr'><strong>ora.</strong></span> 
     </span>
    </p>
   </div>
   <div class='ocr_carea' id='block_1_27' title="bbox 112 2631 1556 2704">
    <p class='ocr_par' dir='ltr' id='par_1_27' title="bbox 112 2631 1556 2704">
     <span class='ocr_line' id='line_1_27' title="bbox 112 2631 1556 2704; baseline 0.004 -18"><span class='ocrx_word' id='word_1_219' title='bbox 112 2631 368 2687; x_wconf 89' lang='lat' dir='ltr'><strong>Invitum</strong></span> <span class='ocrx_word' id='word_1_220' title='bbox 396 2633 664 2704; x_wconf 88' lang='lat' dir='ltr'><strong>quatient</strong></span> <span class='ocrx_word' id='word_1_221' title='bbox 697 2635 1045 2689; x_wconf 74' lang='lat' dir='ltr'><strong>Nortmanni</strong></span> <span class='ocrx_word' id='word_1_222' title='bbox 1076 2636 1314 2690; x_wconf 84' lang='lat' dir='ltr'><strong>verbere</strong></span> <span class='ocrx_word' id='word_1_223' title='bbox 1341 2641 1556 2692; x_wconf 87' lang='lat' dir='ltr'><strong>vatem.</strong></span> 
     </span>
    </p>
   </div>
   <div class='ocr_carea' id='block_1_28' title="bbox 115 2721 1628 2796">
    <p class='ocr_par' dir='ltr' id='par_1_28' title="bbox 115 2721 1628 2796">
     <span class='ocr_line' id='line_1_28' title="bbox 115 2721 1628 2796; baseline 0.002 -22"><span class='ocrx_word' id='word_1_224' title='bbox 115 2725 176 2775; x_wconf 89' lang='lat' dir='ltr'><strong>In</strong></span> <span class='ocrx_word' id='word_1_225' title='bbox 209 2721 420 2788; x_wconf 83' lang='lat' dir='ltr'><strong>vulgus</strong></span> <span class='ocrx_word' id='word_1_226' title='bbox 455 2722 655 2776; x_wconf 82' lang='lat' dir='ltr'><strong>venies</strong></span> <span class='ocrx_word' id='word_1_227' title='bbox 687 2724 883 2778; x_wconf 80' lang='lat' dir='ltr'><strong>audax</strong></span> <span class='ocrx_word' id='word_1_228' title='bbox 917 2741 1076 2778; x_wconf 89' lang='lat' dir='ltr'><strong>nunc</strong></span> <span class='ocrx_word' id='word_1_229' title='bbox 1108 2729 1365 2796; x_wconf 67' lang='lat' dir='ltr'><strong>przepetc</strong></span> <span class='ocrx_word' id='word_1_230' title='bbox 1399 2741 1628 2793; x_wconf 87' lang='lat' dir='ltr'><strong>gressu.</strong></span> 
     </span>
    </p>
   </div>
   <div class='ocr_carea' id='block_1_29' title="bbox 114 2812 1545 2884">
    <p class='ocr_par' dir='ltr' id='par_1_29' title="bbox 114 2812 1545 2884">
     <span class='ocr_line' id='line_1_29' title="bbox 114 2812 1545 2884; baseline 0.003 -20"><span class='ocrx_word' id='word_1_231' title='bbox 114 2814 219 2865; x_wconf 91' lang='lat' dir='ltr'><strong>Pro</strong></span> <span class='ocrx_word' id='word_1_232' title='bbox 251 2816 482 2882; x_wconf 89' lang='lat' dir='ltr'><strong>quanto</strong></span> <span class='ocrx_word' id='word_1_233' title='bbox 512 2812 654 2866; x_wconf 89' lang='lat' dir='ltr'><strong>tanti</strong></span> <span class='ocrx_word' id='word_1_234' title='bbox 690 2819 978 2884; x_wconf 77' lang='lat' dir='ltr'><strong>spernunt</strong></span> <span class='ocrx_word' id='word_1_235' title='bbox 1005 2814 1306 2883; x_wconf 83' lang='lat' dir='ltr'><strong>jactabere</strong></span> <span class='ocrx_word' id='word_1_236' title='bbox 1344 2815 1545 2869; x_wconf 86' lang='lat' dir='ltr'><strong>ﬂuctu.</strong></span> 
     </span>
    </p>
   </div>
   <div class='ocr_carea' id='block_1_30' title="bbox 117 2899 1541 2974">
    <p class='ocr_par' dir='ltr' id='par_1_30' title="bbox 117 2899 1541 2974">
     <span class='ocr_line' id='line_1_30' title="bbox 117 2899 1541 2974; baseline 0.001 -19"><span class='ocrx_word' id='word_1_237' title='bbox 117 2900 217 2955; x_wconf 83' lang='lat' dir='ltr'><strong>Hic</strong></span> <span class='ocrx_word' id='word_1_238' title='bbox 249 2899 478 2954; x_wconf 67' lang='lat' dir='ltr'><strong>freslum</strong></span> <span class='ocrx_word' id='word_1_239' title='bbox 505 2906 677 2971; x_wconf 87' lang='lat' dir='ltr'><strong>spuet</strong></span> <span class='ocrx_word' id='word_1_240' title='bbox 708 2904 968 2971; x_wconf 78' lang='lat' dir='ltr'><strong>aggestis</strong></span> <span class='ocrx_word' id='word_1_241' title='bbox 1000 2901 1201 2970; x_wconf 83' lang='lat' dir='ltr'><strong>labris,</strong></span> <span class='ocrx_word' id='word_1_242' title='bbox 1229 2901 1541 2974; x_wconf 86' lang='lat' dir='ltr'><strong>labiisque,</strong></span> 
     </span>
    </p>
   </div>
   <div class='ocr_carea' id='block_1_31' title="bbox 118 2989 1522 3064">
    <p class='ocr_par' dir='ltr' id='par_1_31' title="bbox 118 2989 1522 3064">
     <span class='ocr_line' id='line_1_31' title="bbox 118 2989 1522 3064; baseline 0.001 -20"><span class='ocrx_word' id='word_1_243' title='bbox 118 2989 393 3044; x_wconf 88' lang='lat' dir='ltr'><strong>Succinet.</strong></span> <span class='ocrx_word' id='word_1_244' title='bbox 423 2989 738 3044; x_wconf 87' lang='lat' dir='ltr'><strong>infandum</strong></span> <span class='ocrx_word' id='word_1_245' title='bbox 770 2997 1021 3046; x_wconf 87' lang='lat' dir='ltr'><strong>retracta</strong></span> <span class='ocrx_word' id='word_1_246' title='bbox 1058 3008 1199 3046; x_wconf 83' lang='lat' dir='ltr'><strong>nare</strong></span> <span class='ocrx_word' id='word_1_247' title='bbox 1234 2992 1522 3064; x_wconf 88' lang='lat' dir='ltr'><strong>aliusque,</strong></span> 
     </span>
    </p>
   </div>
   <div class='ocr_carea' id='block_1_32' title="bbox 1878 1389 3403 1462">
    <p class='ocr_par' dir='ltr' id='par_1_32' title="bbox 1878 1389 3403 1462">
     <span class='ocr_line' id='line_1_32' title="bbox 1878 1389 3403 1462; baseline 0.001 -18"><span class='ocrx_word' id='word_1_248' title='bbox 1878 1393 1942 1444; x_wconf 88' lang='lat' dir='ltr'><strong>Et</strong></span> <span class='ocrx_word' id='word_1_249' title='bbox 1971 1390 2300 1462; x_wconf 89' lang='lat' dir='ltr'><strong>nolensque</strong></span> <span class='ocrx_word' id='word_1_250' title='bbox 2333 1389 2538 1445; x_wconf 88' lang='lat' dir='ltr'><strong>volens</strong></span> <span class='ocrx_word' id='word_1_251' title='bbox 2570 1391 2651 1444; x_wconf 89' lang='lat' dir='ltr'><strong>sic</strong></span> <span class='ocrx_word' id='word_1_252' title='bbox 2679 1390 2699 1410; x_wconf 81' lang='grc'>¹</span> <span class='ocrx_word' id='word_1_253' title='bbox 2729 1390 2877 1441; x_wconf 78' lang='grc' dir='ltr'>ἀντία</span> <span class='ocrx_word' id='word_1_254' title='bbox 2908 1394 2965 1445; x_wconf 90' lang='lat' dir='ltr'><strong>et</strong></span> <span class='ocrx_word' id='word_1_255' title='bbox 2987 1395 3122 1443; x_wconf 80' lang='grc' dir='ltr'><strong>ὥντα</strong></span> <span class='ocrx_word' id='word_1_256' title='bbox 3154 1389 3403 1461; x_wconf 81' lang='lat' dir='ltr'><strong>subibis,</strong></span> 
     </span>
    </p>
   </div>
   <div class='ocr_carea' id='block_1_33' title="bbox 1879 1479 3261 1548">
    <p class='ocr_par' dir='ltr' id='par_1_33' title="bbox 1879 1479 3261 1548">
     <span class='ocr_line' id='line_1_33' title="bbox 1879 1479 3261 1548; baseline 0.001 -16"><span class='ocrx_word' id='word_1_257' title='bbox 1879 1479 2157 1533; x_wconf 89' lang='lat' dir='ltr'><strong>Ludibrio</strong></span> <span class='ocrx_word' id='word_1_258' title='bbox 2187 1479 2429 1534; x_wconf 89' lang='lat' dir='ltr'><strong>tandem</strong></span> <span class='ocrx_word' id='word_1_259' title='bbox 2462 1496 2663 1534; x_wconf 69' lang='lat' dir='ltr'><strong>sannae</strong></span> <span class='ocrx_word' id='word_1_260' title='bbox 2698 1479 2909 1535; x_wconf 89' lang='lat' dir='ltr'><strong>subtus</strong></span> <span class='ocrx_word' id='word_1_261' title='bbox 2940 1481 2959 1499; x_wconf 83' lang='lat'>&quot;</span> <span class='ocrx_word' id='word_1_262' title='bbox 2991 1485 3047 1534; x_wconf 91' lang='lat' dir='ltr'><strong>et</strong></span> <span class='ocrx_word' id='word_1_263' title='bbox 3076 1480 3261 1548; x_wconf 92' lang='lat' dir='ltr'><strong>omni,</strong></span> 
     </span>
    </p>
   </div>
   <div class='ocr_carea' id='block_1_34' title="bbox 1879 1565 3243 1636">
    <p class='ocr_par' dir='ltr' id='par_1_34' title="bbox 1879 1565 3243 1636">
     <span class='ocr_line' id='line_1_34' title="bbox 1879 1565 3243 1636; baseline 0.001 -14"><span class='ocrx_word' id='word_1_264' title='bbox 1879 1570 2059 1622; x_wconf 79' lang='lat' dir='ltr'><strong>Croco</strong></span> <span class='ocrx_word' id='word_1_265' title='bbox 2081 1570 2100 1588; x_wconf 84' lang='grc'><strong><em>⁸</em></strong></span> <span class='ocrx_word' id='word_1_266' title='bbox 2129 1568 2427 1622; x_wconf 85' lang='lat' dir='ltr'><strong>narcissus</strong></span> <span class='ocrx_word' id='word_1_267' title='bbox 2460 1568 2675 1622; x_wconf 84' lang='lat' dir='ltr'><strong>frustra</strong></span> <span class='ocrx_word' id='word_1_268' title='bbox 2709 1565 2940 1622; x_wconf 88' lang='lat' dir='ltr'><strong>trudere</strong></span> <span class='ocrx_word' id='word_1_269' title='bbox 2975 1568 3243 1636; x_wconf 86' lang='lat' dir='ltr'><strong>taberna,</strong></span> 
     </span>
    </p>
   </div>
   <div class='ocr_carea' id='block_1_35' title="bbox 1881 1654 3540 1732">
    <p class='ocr_par' dir='ltr' id='par_1_35' title="bbox 1881 1654 3540 1732">
     <span class='ocr_line' id='line_1_35' title="bbox 1881 1654 3540 1732; baseline 0.002 -24"><span class='ocrx_word' id='word_1_270' title='bbox 1881 1654 2289 1723; x_wconf 86' lang='lat' dir='ltr'><strong>Gingiber,aut</strong></span> <span class='ocrx_word' id='word_1_271' title='bbox 2315 1654 2487 1709; x_wconf 90' lang='lat' dir='ltr'><strong>nardi</strong></span> <span class='ocrx_word' id='word_1_272' title='bbox 2515 1654 3203 1729; x_wconf 89' lang='lat' dir='ltr'><strong>modicum,costumque</strong></span> <span class='ocrx_word' id='word_1_273' title='bbox 3225 1655 3540 1732; x_wconf 74' lang='lat' dir='ltr'><strong>piperque,</strong></span> 
     </span>
    </p>
   </div>
   <div class='ocr_carea' id='block_1_36' title="bbox 1808 1726 3217 1815">
    <p class='ocr_par' dir='ltr' id='par_1_36' title="bbox 1808 1726 3217 1815">
     <span class='ocr_line' id='line_1_36' title="bbox 1808 1726 3217 1815; baseline 0.003 -19"><span class='ocrx_word' id='word_1_274' title='bbox 1808 1726 1850 1779; x_wconf 82' lang='grc' dir='ltr'>Β</span> <span class='ocrx_word' id='word_1_275' title='bbox 1882 1743 2113 1812; x_wconf 90' lang='lat' dir='ltr'><strong>Ignavis</strong></span> <span class='ocrx_word' id='word_1_276' title='bbox 2142 1741 2189 1796; x_wconf 90' lang='lat' dir='ltr'><strong>si</strong></span> <span class='ocrx_word' id='word_1_277' title='bbox 2214 1743 2482 1815; x_wconf 88' lang='lat' dir='ltr'><strong>quidque</strong></span> <span class='ocrx_word' id='word_1_278' title='bbox 2511 1743 2661 1798; x_wconf 86' lang='lat' dir='ltr'><strong>feres</strong></span> <span class='ocrx_word' id='word_1_279' title='bbox 2693 1760 2785 1798; x_wconf 78' lang='lat' dir='ltr'><strong>cat</strong></span> <span class='ocrx_word' id='word_1_280' title='bbox 2799 1744 2869 1798; x_wconf 92' lang='lat' dir='ltr'><strong>tis</strong></span> <span class='ocrx_word' id='word_1_281' title='bbox 2903 1743 3175 1800; x_wconf 89' lang='lat' dir='ltr'><strong>amicitur</strong></span> <span class='ocrx_word' id='word_1_282' title='bbox 3204 1764 3217 1813; x_wconf 92' lang='lat'><strong>;</strong></span> 
     </span>
    </p>
   </div>
   <div class='ocr_carea' id='block_1_37' title="bbox 1881 1830 3256 1900">
    <p class='ocr_par' dir='ltr' id='par_1_37' title="bbox 1881 1830 3256 1900">
     <span class='ocr_line' id='line_1_37' title="bbox 1881 1830 3256 1900; baseline 0.002 -16"><span class='ocrx_word' id='word_1_283' title='bbox 1881 1830 2178 1886; x_wconf 89' lang='lat' dir='ltr'><strong>Obstiterit</strong></span> <span class='ocrx_word' id='word_1_284' title='bbox 2201 1831 2458 1886; x_wconf 90' lang='lat' dir='ltr'><strong>monitor</strong></span> <span class='ocrx_word' id='word_1_285' title='bbox 2485 1831 2683 1900; x_wconf 86' lang='lat' dir='ltr'><strong>longe,</strong></span> <span class='ocrx_word' id='word_1_286' title='bbox 2717 1847 2825 1885; x_wconf 89' lang='lat' dir='ltr'><strong>nec</strong></span> <span class='ocrx_word' id='word_1_287' title='bbox 2857 1849 3000 1887; x_wconf 90' lang='lat' dir='ltr'><strong>cura</strong></span> <span class='ocrx_word' id='word_1_288' title='bbox 3033 1831 3256 1887; x_wconf 90' lang='lat' dir='ltr'><strong>mederi</strong></span> 
     </span>
    </p>
   </div>
   <div class='ocr_carea' id='block_1_38' title="bbox 1878 1920 3207 1994">
    <p class='ocr_par' dir='ltr' id='par_1_38' title="bbox 1878 1920 3207 1994">
     <span class='ocr_line' id='line_1_38' title="bbox 1878 1920 3207 1994; baseline 0.002 -20"><span class='ocrx_word' id='word_1_289' title='bbox 1878 1922 2019 1974; x_wconf 90' lang='lat' dir='ltr'><strong>Tute</strong></span> <span class='ocrx_word' id='word_1_290' title='bbox 2047 1920 2310 1974; x_wconf 88' lang='lat' dir='ltr'><strong>consiliis</strong></span> <span class='ocrx_word' id='word_1_291' title='bbox 2340 1925 2564 1989; x_wconf 90' lang='lat' dir='ltr'><strong>motus,</strong></span> <span class='ocrx_word' id='word_1_292' title='bbox 2592 1921 2928 1993; x_wconf 89' lang='lat' dir='ltr'><strong>nostrisque</strong></span> <span class='ocrx_word' id='word_1_293' title='bbox 2957 1938 3207 1994; x_wconf 90' lang='lat' dir='ltr'><strong>querare</strong></span> 
     </span>
    </p>
   </div>
   <div class='ocr_carea' id='block_1_39' title="bbox 1884 2009 3540 2079">
    <p class='ocr_par' dir='ltr' id='par_1_39' title="bbox 1884 2009 3540 2079">
     <span class='ocr_line' id='line_1_39' title="bbox 1884 2009 3540 2079; baseline 0.002 -16"><span class='ocrx_word' id='word_1_294' title='bbox 1884 2010 2387 2078; x_wconf 35' lang='lat' dir='ltr'><strong>li‘raudatumdioc</strong></span> <span class='ocrx_word' id='word_1_295' title='bbox 2409 2014 2602 2063; x_wconf 89' lang='lat' dir='ltr'><strong>tecum</strong></span> <span class='ocrx_word' id='word_1_296' title='bbox 2631 2009 2851 2079; x_wconf 80' lang='lat' dir='ltr'><strong>jugiter</strong></span> <span class='ocrx_word' id='word_1_297' title='bbox 2881 2011 3277 2067; x_wconf 88' lang='lat' dir='ltr'><strong>memorando</strong></span> <span class='ocrx_word' id='word_1_298' title='bbox 3305 2011 3540 2068; x_wconf 85' lang='lat' dir='ltr'><strong>referto.</strong></span> 
     </span>
    </p>
   </div>
   <div class='ocr_carea' id='block_1_40' title="bbox 1882 2099 3435 2172">
    <p class='ocr_par' dir='ltr' id='par_1_40' title="bbox 1882 2099 3435 2172">
     <span class='ocr_line' id='line_1_40' title="bbox 1882 2099 3435 2172; baseline 0.002 -19"><span class='ocrx_word' id='word_1_299' title='bbox 1882 2103 2010 2164; x_wconf 86' lang='lat' dir='ltr'><strong>Qua</strong></span> <span class='ocrx_word' id='word_1_300' title='bbox 2040 2099 2292 2154; x_wconf 87' lang='lat' dir='ltr'><strong>frontem</strong></span> <span class='ocrx_word' id='word_1_301' title='bbox 2328 2099 2591 2153; x_wconf 88' lang='lat' dir='ltr'><strong>titubans</strong></span> <span class='ocrx_word' id='word_1_302' title='bbox 2625 2099 2826 2153; x_wconf 83' lang='lat' dir='ltr'><strong>titulus</strong></span> <span class='ocrx_word' id='word_1_303' title='bbox 2865 2100 3183 2172; x_wconf 62' lang='lat' dir='ltr'><strong>praetixerit</strong></span> <span class='ocrx_word' id='word_1_304' title='bbox 3214 2117 3435 2171; x_wconf 87' lang='lat' dir='ltr'><strong>acrem,</strong></span> 
     </span>
    </p>
   </div>
   <div class='ocr_carea' id='block_1_41' title="bbox 1884 2187 3258 2260">
    <p class='ocr_par' dir='ltr' id='par_1_41' title="bbox 1884 2187 3258 2260">
     <span class='ocr_line' id='line_1_41' title="bbox 1884 2187 3258 2260; baseline 0 -16"><span class='ocrx_word' id='word_1_305' title='bbox 1884 2188 2153 2260; x_wconf 84' lang='lat' dir='ltr'><strong>Suspicio</strong></span> <span class='ocrx_word' id='word_1_306' title='bbox 2185 2187 2380 2260; x_wconf 90' lang='lat' dir='ltr'><strong>primo</strong></span> <span class='ocrx_word' id='word_1_307' title='bbox 2409 2187 2620 2242; x_wconf 89' lang='lat' dir='ltr'><strong>subeat</strong></span> <span class='ocrx_word' id='word_1_308' title='bbox 2643 2190 2941 2252; x_wconf 71' lang='lat' dir='ltr'><strong>QL‘INTINUS</strong></span> <span class='ocrx_word' id='word_1_309' title='bbox 2972 2190 3258 2260; x_wconf 89' lang='lat' dir='ltr'><strong>enormis,</strong></span> 
     </span>
    </p>
   </div>
   <div class='ocr_carea' id='block_1_42' title="bbox 1883 2275 3283 2349">
    <p class='ocr_par' dir='ltr' id='par_1_42' title="bbox 1883 2275 3283 2349">
     <span class='ocr_line' id='line_1_42' title="bbox 1883 2275 3283 2349; baseline 0.001 -18"><span class='ocrx_word' id='word_1_310' title='bbox 1883 2275 2171 2332; x_wconf 89' lang='lat' dir='ltr'><strong>Panderet</strong></span> <span class='ocrx_word' id='word_1_311' title='bbox 2192 2282 2257 2332; x_wconf 91' lang='lat' dir='ltr'><strong>ut</strong></span> <span class='ocrx_word' id='word_1_312' title='bbox 2286 2275 2466 2332; x_wconf 71' lang='lat' dir='ltr'><strong>caelos</strong></span> <span class='ocrx_word' id='word_1_313' title='bbox 2499 2276 2670 2332; x_wconf 90' lang='lat' dir='ltr'><strong>itiner</strong></span> <span class='ocrx_word' id='word_1_314' title='bbox 2700 2276 2805 2349; x_wconf 91' lang='lat' dir='ltr'><strong>qui</strong></span> <span class='ocrx_word' id='word_1_315' title='bbox 2831 2277 2904 2332; x_wconf 88' lang='lat' dir='ltr'><strong>de</strong></span> <span class='ocrx_word' id='word_1_316' title='bbox 2931 2294 3073 2332; x_wconf 91' lang='lat' dir='ltr'><strong>nece</strong></span> <span class='ocrx_word' id='word_1_317' title='bbox 3108 2278 3241 2334; x_wconf 84' lang='lat' dir='ltr'><strong>fecit</strong></span> <span class='ocrx_word' id='word_1_318' title='bbox 3271 2296 3283 2332; x_wconf 88' lang='lat'><strong>:</strong></span> 
     </span>
    </p>
   </div>
   <div class='ocr_carea' id='block_1_43' title="bbox 1884 2365 3401 2437">
    <p class='ocr_par' dir='ltr' id='par_1_43' title="bbox 1884 2365 3401 2437">
     <span class='ocr_line' id='line_1_43' title="bbox 1884 2365 3401 2437; baseline 0.001 -16"><span class='ocrx_word' id='word_1_319' title='bbox 1884 2367 1982 2421; x_wconf 86' lang='lat' dir='ltr'><strong>llis</strong></span> <span class='ocrx_word' id='word_1_320' title='bbox 2015 2367 2158 2431; x_wconf 88' lang='lat' dir='ltr'><strong>dux,</strong></span> <span class='ocrx_word' id='word_1_321' title='bbox 2187 2365 2278 2420; x_wconf 90' lang='lat' dir='ltr'><strong>his</strong></span> <span class='ocrx_word' id='word_1_322' title='bbox 2306 2365 2652 2437; x_wconf 90' lang='lat' dir='ltr'><strong>meritisque</strong></span> <span class='ocrx_word' id='word_1_323' title='bbox 2682 2366 2802 2420; x_wconf 87' lang='lat' dir='ltr'><strong>suis</strong></span> <span class='ocrx_word' id='word_1_324' title='bbox 2835 2366 3164 2437; x_wconf 88' lang='lat' dir='ltr'><strong>primordia</strong></span> <span class='ocrx_word' id='word_1_325' title='bbox 3191 2367 3401 2436; x_wconf 81' lang='lat' dir='ltr'><strong>signet.</strong></span> 
     </span>
    </p>
   </div>
   <div class='ocr_carea' id='block_1_44' title="bbox 1883 2453 3423 2526">
    <p class='ocr_par' dir='ltr' id='par_1_44' title="bbox 1883 2453 3423 2526">
     <span class='ocr_line' id='line_1_44' title="bbox 1883 2453 3423 2526; baseline 0.001 -16"><span class='ocrx_word' id='word_1_326' title='bbox 1883 2458 2005 2510; x_wconf 85' lang='lat' dir='ltr'><strong>IIoc</strong></span> <span class='ocrx_word' id='word_1_327' title='bbox 2036 2456 2244 2508; x_wconf 81' lang='lat' dir='ltr'><strong>forsan</strong></span> <span class='ocrx_word' id='word_1_328' title='bbox 2274 2453 2494 2526; x_wconf 90' lang='lat' dir='ltr'><strong>poteris</strong></span> <span class='ocrx_word' id='word_1_329' title='bbox 2520 2458 2899 2510; x_wconf 88' lang='lat' dir='ltr'><strong>contemnere</strong></span> <span class='ocrx_word' id='word_1_330' title='bbox 2932 2455 3147 2526; x_wconf 89' lang='lat' dir='ltr'><strong>vulgus</strong></span> <span class='ocrx_word' id='word_1_331' title='bbox 3176 2456 3423 2525; x_wconf 90' lang='lat' dir='ltr'><strong>inerme,</strong></span> 
     </span>
    </p>
   </div>
   <div class='ocr_carea' id='block_1_45' title="bbox 1883 2542 3295 2612">
    <p class='ocr_par' dir='ltr' id='par_1_45' title="bbox 1883 2542 3295 2612">
     <span class='ocr_line' id='line_1_45' title="bbox 1883 2542 3295 2612; baseline 0.001 -14"><span class='ocrx_word' id='word_1_332' title='bbox 1883 2543 2074 2598; x_wconf 82' lang='lat' dir='ltr'><strong>Plebis</strong></span> <span class='ocrx_word' id='word_1_333' title='bbox 2108 2542 2393 2612; x_wconf 87' lang='lat' dir='ltr'><strong>virgantis</strong></span> <span class='ocrx_word' id='word_1_334' title='bbox 2426 2558 2531 2596; x_wconf 90' lang='lat' dir='ltr'><strong>seu</strong></span> <span class='ocrx_word' id='word_1_335' title='bbox 2553 2543 2681 2612; x_wconf 89' lang='lat' dir='ltr'><strong>jam</strong></span> <span class='ocrx_word' id='word_1_336' title='bbox 2713 2543 3061 2598; x_wconf 90' lang='lat' dir='ltr'><strong>discrimina</strong></span> <span class='ocrx_word' id='word_1_337' title='bbox 3090 2545 3249 2600; x_wconf 91' lang='lat' dir='ltr'><strong>mille</strong></span> <span class='ocrx_word' id='word_1_338' title='bbox 3281 2561 3295 2600; x_wconf 89' lang='lat'><strong>:</strong></span> 
     </span>
    </p>
   </div>
   <div class='ocr_carea' id='block_1_46' title="bbox 1886 2631 3227 2702">
    <p class='ocr_par' dir='ltr' id='par_1_46' title="bbox 1886 2631 3227 2702">
     <span class='ocr_line' id='line_1_46' title="bbox 1886 2631 3227 2702; baseline 0 -14"><span class='ocrx_word' id='word_1_339' title='bbox 1886 2637 1962 2688; x_wconf 86' lang='lat' dir='ltr'><strong>Ne</strong></span> <span class='ocrx_word' id='word_1_340' title='bbox 1994 2632 2217 2687; x_wconf 85' lang='lat' dir='ltr'><strong>meritis</strong></span> <span class='ocrx_word' id='word_1_341' title='bbox 2250 2631 2528 2702; x_wconf 85' lang='lat' dir='ltr'><strong>fulgentis</strong></span> <span class='ocrx_word' id='word_1_342' title='bbox 2558 2632 2820 2686; x_wconf 90' lang='lat' dir='ltr'><strong>nominis</strong></span> <span class='ocrx_word' id='word_1_343' title='bbox 2850 2632 3020 2687; x_wconf 88' lang='lat' dir='ltr'><strong>obice</strong></span> <span class='ocrx_word' id='word_1_344' title='bbox 3052 2633 3227 2688; x_wconf 85' lang='lat' dir='ltr'><strong>tantis</strong></span> 
     </span>
    </p>
   </div>
   <div class='ocr_carea' id='block_1_47' title="bbox 1885 2720 3410 2794">
    <p class='ocr_par' dir='ltr' id='par_1_47' title="bbox 1885 2720 3410 2794">
     <span class='ocr_line' id='line_1_47' title="bbox 1885 2720 3410 2794; baseline 0.002 -20"><span class='ocrx_word' id='word_1_345' title='bbox 1885 2722 1987 2776; x_wconf 84' lang='lat' dir='ltr'><strong>Vix</strong></span> <span class='ocrx_word' id='word_1_346' title='bbox 2019 2721 2216 2776; x_wconf 89' lang='lat' dir='ltr'><strong>ausint</strong></span> <span class='ocrx_word' id='word_1_347' title='bbox 2243 2720 2487 2775; x_wconf 75' lang='lat' dir='ltr'><strong>tumidae</strong></span> <span class='ocrx_word' id='word_1_348' title='bbox 2517 2725 2693 2775; x_wconf 89' lang='lat' dir='ltr'><strong>temet</strong></span> <span class='ocrx_word' id='word_1_349' title='bbox 2727 2720 3021 2792; x_wconf 85' lang='lat' dir='ltr'><strong>sprevisse</strong></span> <span class='ocrx_word' id='word_1_350' title='bbox 3052 2720 3410 2794; x_wconf 84' lang='lat' dir='ltr'><strong>phalanges.</strong></span> 
     </span>
    </p>
   </div>
   <div class='ocr_carea' id='block_1_48' title="bbox 1885 2808 3330 2881">
    <p class='ocr_par' dir='ltr' id='par_1_48' title="bbox 1885 2808 3330 2881">
     <span class='ocr_line' id='line_1_48' title="bbox 1885 2808 3330 2881; baseline -0.001 -16"><span class='ocrx_word' id='word_1_351' title='bbox 1885 2811 2134 2865; x_wconf 71' lang='lat' dir='ltr'><strong>Nitcscet</strong></span> <span class='ocrx_word' id='word_1_352' title='bbox 2162 2808 2375 2874; x_wconf 89' lang='lat' dir='ltr'><strong>rabies,</strong></span> <span class='ocrx_word' id='word_1_353' title='bbox 2410 2813 2776 2881; x_wconf 89' lang='lat' dir='ltr'><strong>parcentque</strong></span> <span class='ocrx_word' id='word_1_354' title='bbox 2807 2809 2994 2881; x_wconf 90' lang='lat' dir='ltr'><strong>sputis</strong></span> <span class='ocrx_word' id='word_1_355' title='bbox 3025 2808 3176 2864; x_wconf 91' lang='lat' dir='ltr'><strong>duce</strong></span> <span class='ocrx_word' id='word_1_356' title='bbox 3208 2810 3330 2880; x_wconf 88' lang='lat' dir='ltr'><strong>tali,</strong></span> 
     </span>
    </p>
   </div>
   <div class='ocr_carea' id='block_1_49' title="bbox 1887 2891 3355 2971">
    <p class='ocr_par' dir='ltr' id='par_1_49' title="bbox 1887 2891 3355 2971">
     <span class='ocr_line' id='line_1_49' title="bbox 1887 2891 3355 2971; baseline 0.001 -17"><span class='ocrx_word' id='word_1_357' title='bbox 1887 2891 2188 2971; x_wconf 77' lang='lat' dir='ltr'><strong>Febrcquc</strong></span> <span class='ocrx_word' id='word_1_358' title='bbox 2215 2899 2520 2953; x_wconf 86' lang='lat' dir='ltr'><strong>subtracta</strong></span> <span class='ocrx_word' id='word_1_359' title='bbox 2549 2899 2714 2953; x_wconf 90' lang='lat' dir='ltr'><strong>nudo</strong></span> <span class='ocrx_word' id='word_1_360' title='bbox 2736 2898 3149 2954; x_wconf 89' lang='lat' dir='ltr'><strong>incrudescere</strong></span> <span class='ocrx_word' id='word_1_361' title='bbox 3181 2900 3355 2956; x_wconf 90' lang='lat' dir='ltr'><strong>dente</strong></span> 
     </span>
    </p>
   </div>
   <div class='ocr_carea' id='block_1_50' title="bbox 1885 2987 3206 3060">
    <p class='ocr_par' dir='ltr' id='par_1_50' title="bbox 1885 2987 3206 3060">
     <span class='ocr_line' id='line_1_50' title="bbox 1885 2987 3206 3060; baseline 0.003 -20"><span class='ocrx_word' id='word_1_362' title='bbox 1885 2988 2154 3043; x_wconf 85' lang='lat' dir='ltr'><strong>Flamine</strong></span> <span class='ocrx_word' id='word_1_363' title='bbox 2183 2987 2458 3060; x_wconf 84' lang='lat' dir='ltr'><strong>septitluo</strong></span> <span class='ocrx_word' id='word_1_364' title='bbox 2491 2987 2626 3042; x_wconf 83' lang='lat' dir='ltr'><strong>felix</strong></span> <span class='ocrx_word' id='word_1_365' title='bbox 2656 2987 2824 3043; x_wconf 90' lang='lat' dir='ltr'><strong>liberi</strong></span> <span class='ocrx_word' id='word_1_366' title='bbox 2850 2988 3002 3044; x_wconf 89' lang='lat' dir='ltr'><strong>duce</strong></span> <span class='ocrx_word' id='word_1_367' title='bbox 3035 3005 3206 3046; x_wconf 87' lang='lat' dir='ltr'><strong>sacro</strong></span> 
     </span>
    </p>
   </div>
   <div class='ocr_carea' id='block_1_51' title="bbox 118 3076 3235 3152">
    <p class='ocr_par' dir='ltr' id='par_1_51' title="bbox 118 3076 3235 3152">
     <span class='ocr_line' id='line_1_51' title="bbox 118 3076 3235 3152; baseline -0 -19"><span class='ocrx_word' id='word_1_368' title='bbox 118 3082 180 3133; x_wconf 89' lang='lat' dir='ltr'><strong>Et</strong></span> <span class='ocrx_word' id='word_1_369' title='bbox 208 3077 491 3150; x_wconf 83' lang='lat' dir='ltr'><strong>plausum</strong></span> <span class='ocrx_word' id='word_1_370' title='bbox 524 3079 803 3133; x_wconf 83' lang='lat' dir='ltr'><strong>inanibus</strong></span> <span class='ocrx_word' id='word_1_371' title='bbox 837 3079 1090 3134; x_wconf 88' lang='lat' dir='ltr'><strong>nimium</strong></span> <span class='ocrx_word' id='word_1_372' title='bbox 1108 3079 1452 3135; x_wconf 83' lang='lat' dir='ltr'><strong>dabithicce</strong></span> <span class='ocrx_word' id='word_1_373' title='bbox 1477 3080 1773 3152; x_wconf 87' lang='lat' dir='ltr'><strong>profanis:</strong></span> <span class='ocrx_word' id='word_1_374' title='bbox 1818 3093 1856 3147; x_wconf 65' lang='grc' dir='ltr'><strong>(ζ</strong></span> <span class='ocrx_word' id='word_1_375' title='bbox 1892 3082 2188 3132; x_wconf 78' lang='lat' dir='ltr'><strong>Proiectus</strong></span> <span class='ocrx_word' id='word_1_376' title='bbox 2213 3077 2451 3148; x_wconf 82' lang='lat' dir='ltr'><strong>jugiter,</strong></span> <span class='ocrx_word' id='word_1_377' title='bbox 2484 3076 2871 3150; x_wconf 87' lang='lat' dir='ltr'><strong>munitusque</strong></span> <span class='ocrx_word' id='word_1_378' title='bbox 2897 3077 3235 3146; x_wconf 83' lang='lat' dir='ltr'><strong>auxiliatus,</strong></span> 
     </span>
    </p>
   </div>
   <div class='ocr_carea' id='block_1_52' title="bbox 117 3165 1458 3238">
    <p class='ocr_par' dir='ltr' id='par_1_52' title="bbox 117 3165 1458 3238">
     <span class='ocr_line' id='line_1_52' title="bbox 117 3165 1458 3238; baseline 0.002 -17"><span class='ocrx_word' id='word_1_379' title='bbox 117 3165 294 3221; x_wconf 84' lang='lat' dir='ltr'><strong>Elatis</strong></span> <span class='ocrx_word' id='word_1_380' title='bbox 329 3171 546 3220; x_wconf 88' lang='lat' dir='ltr'><strong>terram</strong></span> <span class='ocrx_word' id='word_1_381' title='bbox 575 3167 829 3237; x_wconf 84' lang='lat' dir='ltr'><strong>pedibus</strong></span> <span class='ocrx_word' id='word_1_382' title='bbox 860 3173 947 3222; x_wconf 86' lang='lat' dir='ltr'><strong>ter</strong></span> <span class='ocrx_word' id='word_1_383' title='bbox 977 3169 1195 3223; x_wconf 84' lang='lat' dir='ltr'><strong>succiet</strong></span> <span class='ocrx_word' id='word_1_384' title='bbox 1226 3168 1320 3222; x_wconf 90' lang='lat' dir='ltr'><strong>hic</strong></span> <span class='ocrx_word' id='word_1_385' title='bbox 1347 3171 1458 3238; x_wconf 70' lang='lat' dir='ltr'><strong>(l5)</strong></span> 
     </span>
    </p>
   </div>
   <div class='ocr_carea' id='block_1_53' title="bbox 116 3253 1366 3326">
    <p class='ocr_par' dir='ltr' id='par_1_53' title="bbox 116 3253 1366 3326">
     <span class='ocr_line' id='line_1_53' title="bbox 116 3253 1366 3326; baseline 0.003 -19"><span class='ocrx_word' id='word_1_386' title='bbox 116 3258 402 3308; x_wconf 77' lang='lat' dir='ltr'><strong>Vcrrucas</strong></span> <span class='ocrx_word' id='word_1_387' title='bbox 435 3253 584 3307; x_wconf 88' lang='lat' dir='ltr'><strong>alius</strong></span> <span class='ocrx_word' id='word_1_388' title='bbox 615 3254 953 3326; x_wconf 77' lang='lat' dir='ltr'><strong>(lisquirens</strong></span> <span class='ocrx_word' id='word_1_389' title='bbox 986 3272 1086 3311; x_wconf 88' lang='lat' dir='ltr'><strong>ore</strong></span> <span class='ocrx_word' id='word_1_390' title='bbox 1117 3256 1366 3324; x_wconf 87' lang='lat' dir='ltr'><strong>notabit,</strong></span> 
     </span>
    </p>
   </div>
   <div class='ocr_carea' id='block_1_54' title="bbox 118 3341 1728 3417">
    <p class='ocr_par' dir='ltr' id='par_1_54' title="bbox 118 3341 1728 3417">
     <span class='ocr_line' id='line_1_54' title="bbox 118 3341 1728 3417; baseline 0.002 -20"><span class='ocrx_word' id='word_1_391' title='bbox 118 3343 411 3397; x_wconf 74' lang='lat' dir='ltr'><strong>(Jordibus</strong></span> <span class='ocrx_word' id='word_1_392' title='bbox 439 3341 716 3414; x_wconf 83' lang='lat' dir='ltr'><strong>explosis,</strong></span> <span class='ocrx_word' id='word_1_393' title='bbox 750 3345 797 3397; x_wconf 89' lang='lat' dir='ltr'><strong>si</strong></span> <span class='ocrx_word' id='word_1_394' title='bbox 829 3345 993 3399; x_wconf 82' lang='lat' dir='ltr'><strong>nulla</strong></span> <span class='ocrx_word' id='word_1_395' title='bbox 1027 3349 1225 3400; x_wconf 89' lang='lat' dir='ltr'><strong>tamen</strong></span> <span class='ocrx_word' id='word_1_396' title='bbox 1258 3350 1419 3417; x_wconf 89' lang='lat' dir='ltr'><strong>patet</strong></span> <span class='ocrx_word' id='word_1_397' title='bbox 1449 3362 1728 3417; x_wconf 88' lang='lat' dir='ltr'><strong>usquam,</strong></span> 
     </span>
    </p>
   </div>
   <div class='ocr_carea' id='block_1_55' title="bbox 120 3432 1537 3505">
    <p class='ocr_par' dir='ltr' id='par_1_55' title="bbox 120 3432 1537 3505">
     <span class='ocr_line' id='line_1_55' title="bbox 120 3432 1537 3505; baseline 0.002 -20"><span class='ocrx_word' id='word_1_398' title='bbox 120 3434 377 3499; x_wconf 85' lang='lat' dir='ltr'><strong>Integra,</strong></span> <span class='ocrx_word' id='word_1_399' title='bbox 409 3432 621 3487; x_wconf 88' lang='lat' dir='ltr'><strong>doctus</strong></span> <span class='ocrx_word' id='word_1_400' title='bbox 656 3432 764 3487; x_wconf 88' lang='lat' dir='ltr'><strong>erit</strong></span> <span class='ocrx_word' id='word_1_401' title='bbox 793 3440 945 3489; x_wconf 89' lang='lat' dir='ltr'><strong>certe</strong></span> <span class='ocrx_word' id='word_1_402' title='bbox 977 3440 1324 3505; x_wconf 64' lang='lat' dir='ltr'><strong>praevertere</strong></span> <span class='ocrx_word' id='word_1_403' title='bbox 1356 3434 1537 3488; x_wconf 88' lang='lat' dir='ltr'><strong>falsis.</strong></span> 
     </span>
    </p>
   </div>
   <div class='ocr_carea' id='block_1_56' title="bbox 120 3519 1587 3596">
    <p class='ocr_par' dir='ltr' id='par_1_56' title="bbox 120 3519 1587 3596">
     <span class='ocr_line' id='line_1_56' title="bbox 120 3519 1587 3596; baseline 0.001 -21"><span class='ocrx_word' id='word_1_404' title='bbox 120 3527 220 3576; x_wconf 81' lang='lat' dir='ltr'><strong>Ast</strong></span> <span class='ocrx_word' id='word_1_405' title='bbox 246 3538 317 3576; x_wconf 85' lang='lat' dir='ltr'><strong>ex</strong></span> <span class='ocrx_word' id='word_1_406' title='bbox 342 3519 456 3576; x_wconf 89' lang='lat' dir='ltr'><strong>hoc</strong></span> <span class='ocrx_word' id='word_1_407' title='bbox 482 3521 656 3576; x_wconf 86' lang='lat' dir='ltr'><strong>fuerit</strong></span> <span class='ocrx_word' id='word_1_408' title='bbox 686 3538 806 3594; x_wconf 90' lang='lat' dir='ltr'><strong>quo</strong></span> <span class='ocrx_word' id='word_1_409' title='bbox 837 3523 1242 3595; x_wconf 80' lang='lat' dir='ltr'><strong>perditiorque</strong></span> <span class='ocrx_word' id='word_1_410' title='bbox 1275 3524 1587 3596; x_wconf 89' lang='lat' dir='ltr'><strong>profanus,</strong></span> 
     </span>
    </p>
   </div>
   <div class='ocr_carea' id='block_1_57' title="bbox 1889 3166 3272 3239">
    <p class='ocr_par' dir='ltr' id='par_1_57' title="bbox 1889 3166 3272 3239">
     <span class='ocr_line' id='line_1_57' title="bbox 1889 3166 3272 3239; baseline 0 -17"><span class='ocrx_word' id='word_1_411' title='bbox 1889 3166 2169 3222; x_wconf 85' lang='lat' dir='ltr'><strong>Retondis</strong></span> <span class='ocrx_word' id='word_1_412' title='bbox 2197 3167 2214 3187; x_wconf 75' lang='grc'><strong>¹</strong></span> <span class='ocrx_word' id='word_1_413' title='bbox 2248 3166 2470 3222; x_wconf 90' lang='lat' dir='ltr'><strong>meritis</strong></span> <span class='ocrx_word' id='word_1_414' title='bbox 2499 3167 2758 3232; x_wconf 89' lang='lat' dir='ltr'><strong>Quintini</strong></span> <span class='ocrx_word' id='word_1_415' title='bbox 2788 3167 3066 3239; x_wconf 83' lang='lat' dir='ltr'><strong>martyris</strong></span> <span class='ocrx_word' id='word_1_416' title='bbox 3099 3166 3272 3237; x_wconf 88' lang='lat' dir='ltr'><strong>almi;</strong></span> 
     </span>
    </p>
   </div>
   <div class='ocr_carea' id='block_1_58' title="bbox 1890 3255 3416 3326">
    <p class='ocr_par' dir='ltr' id='par_1_58' title="bbox 1890 3255 3416 3326">
     <span class='ocr_line' id='line_1_58' title="bbox 1890 3255 3416 3326; baseline 0.002 -15"><span class='ocrx_word' id='word_1_417' title='bbox 1890 3260 2002 3311; x_wconf 74' lang='lat' dir='ltr'><strong>Nec</strong></span> <span class='ocrx_word' id='word_1_418' title='bbox 2032 3261 2085 3310; x_wconf 90' lang='lat' dir='ltr'><strong>te</strong></span> <span class='ocrx_word' id='word_1_419' title='bbox 2114 3271 2235 3309; x_wconf 92' lang='lat' dir='ltr'><strong>non</strong></span> <span class='ocrx_word' id='word_1_420' title='bbox 2260 3256 2557 3310; x_wconf 90' lang='lat' dir='ltr'><strong>monitum</strong></span> <span class='ocrx_word' id='word_1_421' title='bbox 2587 3256 2729 3310; x_wconf 92' lang='lat' dir='ltr'><strong>olim</strong></span> <span class='ocrx_word' id='word_1_422' title='bbox 2756 3255 3101 3313; x_wconf 70' lang='lat' dir='ltr'><strong>discessisse</strong></span> <span class='ocrx_word' id='word_1_423' title='bbox 3133 3255 3416 3326; x_wconf 85' lang='lat' dir='ltr'><strong>graveris,</strong></span> 
     </span>
    </p>
   </div>
   <div class='ocr_carea' id='block_1_59' title="bbox 1891 3344 3374 3418">
    <p class='ocr_par' dir='ltr' id='par_1_59' title="bbox 1891 3344 3374 3418">
     <span class='ocr_line' id='line_1_59' title="bbox 1891 3344 3374 3418; baseline 0.001 -19"><span class='ocrx_word' id='word_1_424' title='bbox 1891 3345 2062 3410; x_wconf 87' lang='lat' dir='ltr'><strong>Quod</strong></span> <span class='ocrx_word' id='word_1_425' title='bbox 2092 3349 2273 3400; x_wconf 89' lang='lat' dir='ltr'><strong>restat</strong></span> <span class='ocrx_word' id='word_1_426' title='bbox 2301 3345 2498 3400; x_wconf 91' lang='lat' dir='ltr'><strong>dubiis</strong></span> <span class='ocrx_word' id='word_1_427' title='bbox 2526 3344 2779 3416; x_wconf 87' lang='lat' dir='ltr'><strong>supplex</strong></span> <span class='ocrx_word' id='word_1_428' title='bbox 2809 3345 3143 3417; x_wconf 89' lang='lat' dir='ltr'><strong>comiteque</strong></span> <span class='ocrx_word' id='word_1_429' title='bbox 3167 3347 3187 3369; x_wconf 78' lang='lat'><em>“</em></span> <span class='ocrx_word' id='word_1_430' title='bbox 3218 3345 3374 3418; x_wconf 85' lang='lat' dir='ltr'><strong>fatis,</strong></span> 
     </span>
    </p>
   </div>
   <div class='ocr_carea' id='block_1_60' title="bbox 1892 3432 3483 3506">
    <p class='ocr_par' dir='ltr' id='par_1_60' title="bbox 1892 3432 3483 3506">
     <span class='ocr_line' id='line_1_60' title="bbox 1892 3432 3483 3506; baseline -0.001 -18"><span class='ocrx_word' id='word_1_431' title='bbox 1892 3437 2094 3505; x_wconf 84' lang='lat' dir='ltr'><strong>Meque</strong></span> <span class='ocrx_word' id='word_1_432' title='bbox 2123 3432 2353 3487; x_wconf 90' lang='lat' dir='ltr'><strong>utinam</strong></span> <span class='ocrx_word' id='word_1_433' title='bbox 2384 3432 2602 3487; x_wconf 71' lang='lat' dir='ltr'><strong>affectu</strong></span> <span class='ocrx_word' id='word_1_434' title='bbox 2632 3436 2835 3504; x_wconf 88' lang='lat' dir='ltr'><strong>optato</strong></span> <span class='ocrx_word' id='word_1_435' title='bbox 2862 3433 3109 3488; x_wconf 89' lang='lat' dir='ltr'><strong>meliora</strong></span> <span class='ocrx_word' id='word_1_436' title='bbox 3136 3439 3483 3506; x_wconf 88' lang='lat' dir='ltr'><strong>sequantur.</strong></span> 
     </span>
    </p>
   </div>
   <div class='ocr_carea' id='block_1_61' title="bbox 940 3647 2720 3705">
    <p class='ocr_par' dir='ltr' id='par_1_61' title="bbox 940 3647 2720 3705">
     <span class='ocr_line' id='line_1_61' title="bbox 940 3647 2720 3705; baseline -0.001 -2"><span class='ocrx_word' id='word_1_437' title='bbox 940 3652 1207 3705; x_wconf 77' lang='lat' dir='ltr'><strong>VERSUS</strong></span> <span class='ocrx_word' id='word_1_438' title='bbox 1248 3651 1338 3704; x_wconf 85' lang='lat' dir='ltr'><strong>AD</strong></span> <span class='ocrx_word' id='word_1_439' title='bbox 1383 3651 1793 3705; x_wconf 82' lang='lat' dir='ltr'><strong>RICHARDUM</strong></span> <span class='ocrx_word' id='word_1_440' title='bbox 1832 3650 2048 3703; x_wconf 73' lang='lat' dir='ltr'><strong>MAGNI</strong></span> <span class='ocrx_word' id='word_1_441' title='bbox 2091 3649 2425 3703; x_wconf 78' lang='lat' dir='ltr'><strong>RICHARDI</strong></span> <span class='ocrx_word' id='word_1_442' title='bbox 2466 3647 2720 3702; x_wconf 84' lang='lat' dir='ltr'><strong>FILIUM.</strong></span> 
     </span>
    </p>
   </div>
   <div class='ocr_carea' id='block_1_62' title="bbox 125 3753 1433 3826">
    <p class='ocr_par' dir='ltr' id='par_1_62' title="bbox 125 3753 1433 3826">
     <span class='ocr_line' id='line_1_62' title="bbox 125 3753 1433 3826; baseline 0.003 -20"><span class='ocrx_word' id='word_1_443' title='bbox 125 3753 166 3806; x_wconf 94' lang='lat'><strong>0</strong></span> <span class='ocrx_word' id='word_1_444' title='bbox 209 3756 262 3806; x_wconf 89' lang='lat' dir='ltr'><strong>te</strong></span> <span class='ocrx_word' id='word_1_445' title='bbox 302 3753 784 3821; x_wconf 86' lang='lat' dir='ltr'><strong>magnanimum,</strong></span> <span class='ocrx_word' id='word_1_446' title='bbox 815 3755 1004 3826; x_wconf 89' lang='lat' dir='ltr'><strong>pium,</strong></span> <span class='ocrx_word' id='word_1_447' title='bbox 1041 3756 1383 3811; x_wconf 89' lang='lat' dir='ltr'><strong>modestum</strong></span> <span class='ocrx_word' id='word_1_448' title='bbox 1423 3757 1433 3810; x_wconf 85' lang='lat' dir='ltr'><strong>l</strong></span> 
     </span>
    </p>
   </div>
   <div class='ocr_carea' id='block_1_63' title="bbox 125 3842 1290 3914">
    <p class='ocr_par' dir='ltr' id='par_1_63' title="bbox 125 3842 1290 3914">
     <span class='ocr_line' id='line_1_63' title="bbox 125 3842 1290 3914; baseline 0.003 -19"><span class='ocrx_word' id='word_1_449' title='bbox 125 3843 167 3895; x_wconf 95' lang='grc' dir='ltr'>Ο</span> <span class='ocrx_word' id='word_1_450' title='bbox 213 3847 263 3895; x_wconf 90' lang='lat' dir='ltr'><strong>te</strong></span> <span class='ocrx_word' id='word_1_451' title='bbox 305 3842 691 3914; x_wconf 85' lang='lat' dir='ltr'><strong>praecipuum,</strong></span> <span class='ocrx_word' id='word_1_452' title='bbox 727 3843 1032 3899; x_wconf 87' lang='lat' dir='ltr'><strong>timentem</strong></span> <span class='ocrx_word' id='word_1_453' title='bbox 1064 3848 1248 3899; x_wconf 90' lang='lat' dir='ltr'><strong>Deum</strong></span> <span class='ocrx_word' id='word_1_454' title='bbox 1279 3845 1290 3898; x_wconf 74' lang='grc' dir='ltr'>ι</span> 
     </span>
    </p>
   </div>
   <div class='ocr_carea' id='block_1_64' title="bbox 126 3931 1449 4004">
    <p class='ocr_par' dir='ltr' id='par_1_64' title="bbox 126 3931 1449 4004">
     <span class='ocr_line' id='line_1_64' title="bbox 126 3931 1449 4004; baseline 0.003 -20"><span class='ocrx_word' id='word_1_455' title='bbox 126 3931 168 3984; x_wconf 96' lang='grc' dir='ltr'><strong>Ο</strong></span> <span class='ocrx_word' id='word_1_456' title='bbox 213 3934 264 3985; x_wconf 90' lang='lat' dir='ltr'><strong>te</strong></span> <span class='ocrx_word' id='word_1_457' title='bbox 305 3931 718 4001; x_wconf 84' lang='lat' dir='ltr'><strong>magniﬁcum,</strong></span> <span class='ocrx_word' id='word_1_458' title='bbox 751 3934 1034 4004; x_wconf 88' lang='lat' dir='ltr'><strong>probum,</strong></span> <span class='ocrx_word' id='word_1_459' title='bbox 1066 3934 1399 4002; x_wconf 89' lang='lat' dir='ltr'><strong>benignum</strong></span> <span class='ocrx_word' id='word_1_460' title='bbox 1438 3935 1449 3988; x_wconf 92' lang='lat'>!</span> 
     </span>
    </p>
   </div>
   <div class='ocr_carea' id='block_1_65' title="bbox 125 4020 1357 4094">
    <p class='ocr_par' dir='ltr' id='par_1_65' title="bbox 125 4020 1357 4094">
     <span class='ocr_line' id='line_1_65' title="bbox 125 4020 1357 4094; baseline 0.002 -19"><span class='ocrx_word' id='word_1_461' title='bbox 125 4022 168 4075; x_wconf 94' lang='lat'><strong>0</strong></span> <span class='ocrx_word' id='word_1_462' title='bbox 213 4023 265 4074; x_wconf 91' lang='lat' dir='ltr'><strong>te</strong></span> <span class='ocrx_word' id='word_1_463' title='bbox 307 4020 645 4090; x_wconf 74' lang='lat' dir='ltr'><strong>mirificum,</strong></span> <span class='ocrx_word' id='word_1_464' title='bbox 677 4021 1050 4094; x_wconf 89' lang='lat' dir='ltr'><strong>bonumque,</strong></span> <span class='ocrx_word' id='word_1_465' title='bbox 1080 4025 1310 4094; x_wconf 89' lang='lat' dir='ltr'><strong>justum</strong></span> <span class='ocrx_word' id='word_1_466' title='bbox 1346 4025 1357 4077; x_wconf 88' lang='lat' dir='ltr'><strong>l</strong></span> 
     </span>
    </p>
   </div>
   <div class='ocr_carea' id='block_1_66' title="bbox 126 4110 1206 4184">
    <p class='ocr_par' dir='ltr' id='par_1_66' title="bbox 126 4110 1206 4184">
     <span class='ocr_line' id='line_1_66' title="bbox 126 4110 1206 4184; baseline 0.002 -20"><span class='ocrx_word' id='word_1_467' title='bbox 126 4110 168 4164; x_wconf 98' lang='lat'><strong>0</strong></span> <span class='ocrx_word' id='word_1_468' title='bbox 213 4113 265 4163; x_wconf 91' lang='lat' dir='ltr'><strong>te</strong></span> <span class='ocrx_word' id='word_1_469' title='bbox 307 4110 644 4180; x_wconf 84' lang='lat' dir='ltr'><strong>paciﬁcum,</strong></span> <span class='ocrx_word' id='word_1_470' title='bbox 681 4112 900 4182; x_wconf 90' lang='lat' dir='ltr'><strong>Deique</strong></span> <span class='ocrx_word' id='word_1_471' title='bbox 932 4112 1160 4184; x_wconf 86' lang='lat' dir='ltr'><strong>prolem</strong></span> <span class='ocrx_word' id='word_1_472' title='bbox 1195 4114 1206 4166; x_wconf 88' lang='lat'><strong>!</strong></span> 
     </span>
    </p>
   </div>
   <div class='ocr_carea' id='block_1_67' title="bbox 127 4199 1340 4269">
    <p class='ocr_par' dir='ltr' id='par_1_67' title="bbox 127 4199 1340 4269">
     <span class='ocr_line' id='line_1_67' title="bbox 127 4199 1340 4269; baseline 0.003 -15"><span class='ocrx_word' id='word_1_473' title='bbox 127 4201 169 4254; x_wconf 93' lang='lat'><strong>0</strong></span> <span class='ocrx_word' id='word_1_474' title='bbox 211 4203 266 4252; x_wconf 91' lang='lat' dir='ltr'><strong>te</strong></span> <span class='ocrx_word' id='word_1_475' title='bbox 307 4199 683 4268; x_wconf 80' lang='lat' dir='ltr'><strong>munificum,</strong></span> <span class='ocrx_word' id='word_1_476' title='bbox 715 4217 973 4269; x_wconf 88' lang='lat' dir='ltr'><strong>sacrum,</strong></span> <span class='ocrx_word' id='word_1_477' title='bbox 1000 4202 1340 4258; x_wconf 91' lang='lat' dir='ltr'><strong>modestum</strong></span> 
     </span>
    </p>
   </div>
   <div class='ocr_carea' id='block_1_68' title="bbox 128 4287 1304 4357">
    <p class='ocr_par' dir='ltr' id='par_1_68' title="bbox 128 4287 1304 4357">
     <span class='ocr_line' id='line_1_68' title="bbox 128 4287 1304 4357; baseline 0.003 -15"><span class='ocrx_word' id='word_1_478' title='bbox 128 4289 170 4342; x_wconf 97' lang='lat'><strong>0</strong></span> <span class='ocrx_word' id='word_1_479' title='bbox 213 4291 268 4341; x_wconf 88' lang='lat' dir='ltr'><strong>te</strong></span> <span class='ocrx_word' id='word_1_480' title='bbox 308 4287 697 4357; x_wconf 86' lang='lat' dir='ltr'><strong>praerutilum,</strong></span> <span class='ocrx_word' id='word_1_481' title='bbox 721 4291 962 4343; x_wconf 63' lang='lat' dir='ltr'><strong>RICARDE</strong></span> <span class='ocrx_word' id='word_1_482' title='bbox 995 4289 1257 4345; x_wconf 89' lang='lat' dir='ltr'><strong>clemens</strong></span> <span class='ocrx_word' id='word_1_483' title='bbox 1293 4293 1304 4345; x_wconf 71' lang='grc' dir='ltr'><strong>ἓ</strong></span> 
     </span>
    </p>
   </div>
   <div class='ocr_carea' id='block_1_69' title="bbox 127 4375 1344 4450">
    <p class='ocr_par' dir='ltr' id='par_1_69' title="bbox 127 4375 1344 4450">
     <span class='ocr_line' id='line_1_69' title="bbox 127 4375 1344 4450; baseline 0.003 -19"><span class='ocrx_word' id='word_1_484' title='bbox 127 4378 170 4431; x_wconf 96' lang='grc' dir='ltr'><strong>Ο</strong></span> <span class='ocrx_word' id='word_1_485' title='bbox 213 4380 269 4432; x_wconf 89' lang='lat' dir='ltr'><strong>te</strong></span> <span class='ocrx_word' id='word_1_486' title='bbox 307 4375 737 4445; x_wconf 86' lang='lat' dir='ltr'><strong>longanimem,</strong></span> <span class='ocrx_word' id='word_1_487' title='bbox 773 4378 1020 4433; x_wconf 83' lang='lat' dir='ltr'><strong>Ricarde</strong></span> <span class='ocrx_word' id='word_1_488' title='bbox 1046 4381 1344 4450; x_wconf 84' lang='lat' dir='ltr'><strong>prudens!</strong></span> 
     </span>
    </p>
   </div>
   <div class='ocr_carea' id='block_1_70' title="bbox 1895 3751 3071 3825">
    <p class='ocr_par' dir='ltr' id='par_1_70' title="bbox 1895 3751 3071 3825">
     <span class='ocr_line' id='line_1_70' title="bbox 1895 3751 3071 3825; baseline -0.003 -16"><span class='ocrx_word' id='word_1_489' title='bbox 1895 3756 1936 3810; x_wconf 92' lang='grc' dir='ltr'><strong>Ο</strong></span> <span class='ocrx_word' id='word_1_490' title='bbox 1981 3759 2032 3808; x_wconf 92' lang='lat' dir='ltr'><strong>te</strong></span> <span class='ocrx_word' id='word_1_491' title='bbox 2071 3752 2498 3825; x_wconf 88' lang='lat' dir='ltr'><strong>percelebrem,</strong></span> <span class='ocrx_word' id='word_1_492' title='bbox 2528 3752 2773 3807; x_wconf 82' lang='lat' dir='ltr'><strong>Ricarde</strong></span> <span class='ocrx_word' id='word_1_493' title='bbox 2805 3751 3024 3807; x_wconf 90' lang='lat' dir='ltr'><strong>decens</strong></span> <span class='ocrx_word' id='word_1_494' title='bbox 3059 3751 3071 3806; x_wconf 86' lang='grc' dir='ltr'><strong>ι</strong></span> 
     </span>
    </p>
   </div>
   <div class='ocr_carea' id='block_1_71' title="bbox 1896 3841 2933 3912">
    <p class='ocr_par' dir='ltr' id='par_1_71' title="bbox 1896 3841 2933 3912">
     <span class='ocr_line' id='line_1_71' title="bbox 1896 3841 2933 3912; baseline -0.003 -14"><span class='ocrx_word' id='word_1_495' title='bbox 1896 3845 1938 3898; x_wconf 96' lang='lat'><strong>0</strong></span> <span class='ocrx_word' id='word_1_496' title='bbox 1979 3846 2033 3898; x_wconf 88' lang='lat' dir='ltr'><strong>te</strong></span> <span class='ocrx_word' id='word_1_497' title='bbox 2066 3842 2415 3912; x_wconf 87' lang='lat' dir='ltr'><strong>juridicum,</strong></span> <span class='ocrx_word' id='word_1_498' title='bbox 2450 3841 2696 3896; x_wconf 82' lang='lat' dir='ltr'><strong>Ricarde</strong></span> <span class='ocrx_word' id='word_1_499' title='bbox 2731 3841 2888 3896; x_wconf 89' lang='lat' dir='ltr'><strong>mitis</strong></span> <span class='ocrx_word' id='word_1_500' title='bbox 2922 3841 2933 3895; x_wconf 87' lang='lat' dir='ltr'><strong>l</strong></span> 
     </span>
    </p>
   </div>
   <div class='ocr_carea' id='block_1_72' title="bbox 1897 3930 3033 4003">
    <p class='ocr_par' dir='ltr' id='par_1_72' title="bbox 1897 3930 3033 4003">
     <span class='ocr_line' id='line_1_72' title="bbox 1897 3930 3033 4003; baseline -0.004 -14"><span class='ocrx_word' id='word_1_501' title='bbox 1897 3935 1939 3989; x_wconf 93' lang='lat'><strong>0</strong></span> <span class='ocrx_word' id='word_1_502' title='bbox 1983 3939 2035 3988; x_wconf 94' lang='lat' dir='ltr'><strong>te</strong></span> <span class='ocrx_word' id='word_1_503' title='bbox 2075 3931 2487 4003; x_wconf 78' lang='lat' dir='ltr'><strong>promeritam,</strong></span> <span class='ocrx_word' id='word_1_504' title='bbox 2518 3931 2765 3986; x_wconf 82' lang='lat' dir='ltr'><strong>Ricarde</strong></span> <span class='ocrx_word' id='word_1_505' title='bbox 2792 3930 2984 3986; x_wconf 89' lang='lat' dir='ltr'><strong>dulcis</strong></span> <span class='ocrx_word' id='word_1_506' title='bbox 3020 3931 3033 3985; x_wconf 83' lang='grc' dir='ltr'>ι</span> 
     </span>
    </p>
   </div>
   <div class='ocr_carea' id='block_1_73' title="bbox 1900 4020 3033 4090">
    <p class='ocr_par' dir='ltr' id='par_1_73' title="bbox 1900 4020 3033 4090">
     <span class='ocr_line' id='line_1_73' title="bbox 1900 4020 3033 4090; baseline 0.001 -16"><span class='ocrx_word' id='word_1_507' title='bbox 1900 4027 2109 4077; x_wconf 73' lang='lat' dir='ltr'><strong>Gentes</strong></span> <span class='ocrx_word' id='word_1_508' title='bbox 2139 4021 2476 4090; x_wconf 74' lang='lat' dir='ltr'><strong>omnigenus</strong></span> <span class='ocrx_word' id='word_1_509' title='bbox 2509 4020 2706 4075; x_wconf 85' lang='lat' dir='ltr'><strong>ferunt</strong></span> <span class='ocrx_word' id='word_1_510' title='bbox 2735 4020 3033 4076; x_wconf 90' lang='lat' dir='ltr'><strong>decenter.</strong></span> 
     </span>
    </p>
   </div>
   <div class='ocr_carea' id='block_1_74' title="bbox 1901 4111 3068 4179">
    <p class='ocr_par' dir='ltr' id='par_1_74' title="bbox 1901 4111 3068 4179">
     <span class='ocr_line' id='line_1_74' title="bbox 1901 4111 3068 4179; baseline -0.003 -11"><span class='ocrx_word' id='word_1_511' title='bbox 1901 4115 2039 4179; x_wconf 82' lang='lat' dir='ltr'><strong>Quae</strong></span> <span class='ocrx_word' id='word_1_512' title='bbox 2069 4113 2261 4168; x_wconf 90' lang='lat' dir='ltr'><strong>cernis</strong></span> <span class='ocrx_word' id='word_1_513' title='bbox 2293 4127 2567 4167; x_wconf 89' lang='lat' dir='ltr'><strong>memora</strong></span> <span class='ocrx_word' id='word_1_514' title='bbox 2597 4111 2747 4166; x_wconf 88' lang='lat' dir='ltr'><strong>libro</strong></span> <span class='ocrx_word' id='word_1_515' title='bbox 2779 4111 3068 4166; x_wconf 91' lang='lat' dir='ltr'><strong>modeste.</strong></span> 
     </span>
    </p>
   </div>
   <div class='ocr_carea' id='block_1_75' title="bbox 1906 4203 3108 4274">
    <p class='ocr_par' dir='ltr' id='par_1_75' title="bbox 1906 4203 3108 4274">
     <span class='ocr_line' id='line_1_75' title="bbox 1906 4203 3108 4274; baseline -0.003 -15"><span class='ocrx_word' id='word_1_516' title='bbox 1906 4204 2003 4259; x_wconf 83' lang='lat' dir='ltr'><strong>llis</strong></span> <span class='ocrx_word' id='word_1_517' title='bbox 2033 4203 2290 4274; x_wconf 89' lang='lat' dir='ltr'><strong>depasce</strong></span> <span class='ocrx_word' id='word_1_518' title='bbox 2318 4207 2487 4257; x_wconf 90' lang='lat' dir='ltr'><strong>tuum</strong></span> <span class='ocrx_word' id='word_1_519' title='bbox 2519 4217 2641 4270; x_wconf 93' lang='lat' dir='ltr'><strong>cor,</strong></span> <span class='ocrx_word' id='word_1_520' title='bbox 2675 4205 2853 4272; x_wconf 85' lang='lat' dir='ltr'><strong>atque</strong></span> <span class='ocrx_word' id='word_1_521' title='bbox 2881 4206 3108 4272; x_wconf 88' lang='lat' dir='ltr'><strong>pectus,</strong></span> 
     </span>
    </p>
   </div>
   <div class='ocr_carea' id='block_1_76' title="bbox 1905 4289 3010 4362">
    <p class='ocr_par' dir='ltr' id='par_1_76' title="bbox 1905 4289 3010 4362">
     <span class='ocr_line' id='line_1_76' title="bbox 1905 4289 3010 4362; baseline -0.003 -15"><span class='ocrx_word' id='word_1_522' title='bbox 1905 4293 2123 4347; x_wconf 89' lang='lat' dir='ltr'><strong>Innecti</strong></span> <span class='ocrx_word' id='word_1_523' title='bbox 2156 4297 2220 4347; x_wconf 90' lang='lat' dir='ltr'><strong>ut</strong></span> <span class='ocrx_word' id='word_1_524' title='bbox 2239 4291 2442 4346; x_wconf 86' lang='lat' dir='ltr'><strong>valeas</strong></span> <span class='ocrx_word' id='word_1_525' title='bbox 2473 4289 2695 4362; x_wconf 90' lang='lat' dir='ltr'><strong>quibus</strong></span> <span class='ocrx_word' id='word_1_526' title='bbox 2721 4305 3010 4345; x_wconf 90' lang='lat' dir='ltr'><strong>recenses.</strong></span> 
     </span>
    </p>
   </div>
   <div class='ocr_carea' id='block_1_77' title="bbox 1015 4485 2683 4546">
    <p class='ocr_par' dir='ltr' id='par_1_77' title="bbox 1015 4485 2683 4546">
     <span class='ocr_line' id='line_1_77' title="bbox 1015 4485 2683 4546; baseline -0.002 -5"><span class='ocrx_word' id='word_1_527' title='bbox 1015 4489 1306 4544; x_wconf 65' lang='lat' dir='ltr'><strong>FUTURAE</strong></span> <span class='ocrx_word' id='word_1_528' title='bbox 1346 4491 1672 4546; x_wconf 78' lang='lat' dir='ltr'><strong>MATERIEI</strong></span> <span class='ocrx_word' id='word_1_529' title='bbox 1709 4487 2126 4543; x_wconf 81' lang='lat' dir='ltr'><strong>TREPIDATIO</strong></span> <span class='ocrx_word' id='word_1_530' title='bbox 2168 4489 2252 4541; x_wconf 89' lang='lat' dir='ltr'>ET</span> <span class='ocrx_word' id='word_1_531' title='bbox 2294 4485 2683 4542; x_wconf 83' lang='lat' dir='ltr'><strong>DISSUASIO.</strong></span> 
     </span>
    </p>
   </div>
   <div class='ocr_carea' id='block_1_78' title="bbox 126 4587 1571 4668">
    <p class='ocr_par' dir='ltr' id='par_1_78' title="bbox 126 4587 1571 4668">
     <span class='ocr_line' id='line_1_78' title="bbox 126 4587 1571 4668; baseline 0.003 -22"><span class='ocrx_word' id='word_1_532' title='bbox 126 4587 492 4646; x_wconf 77' lang='lat' dir='ltr'><strong>&#39;I‘urbinibus</strong></span> <span class='ocrx_word' id='word_1_533' title='bbox 519 4589 696 4645; x_wconf 86' lang='lat' dir='ltr'><strong>variis</strong></span> <span class='ocrx_word' id='word_1_534' title='bbox 723 4590 818 4647; x_wconf 90' lang='lat' dir='ltr'><strong>cui</strong></span> <span class='ocrx_word' id='word_1_535' title='bbox 849 4591 1087 4648; x_wconf 88' lang='lat' dir='ltr'><strong>casibus</strong></span> <span class='ocrx_word' id='word_1_536' title='bbox 1117 4594 1571 4668; x_wconf 86' lang='lat' dir='ltr'><strong>innumerisque</strong></span> 
     </span>
    </p>
   </div>
   <div class='ocr_carea' id='block_1_79' title="bbox 128 4678 1534 4752">
    <p class='ocr_par' dir='ltr' id='par_1_79' title="bbox 128 4678 1534 4752">
     <span class='ocr_line' id='line_1_79' title="bbox 128 4678 1534 4752; baseline 0.004 -18"><span class='ocrx_word' id='word_1_537' title='bbox 128 4684 234 4735; x_wconf 76' lang='lat' dir='ltr'><strong>Ast</strong></span> <span class='ocrx_word' id='word_1_538' title='bbox 258 4678 634 4752; x_wconf 88' lang='lat' dir='ltr'><strong>inoportunis</strong></span> <span class='ocrx_word' id='word_1_539' title='bbox 664 4697 865 4736; x_wconf 90' lang='lat' dir='ltr'><strong>rerum</strong></span> <span class='ocrx_word' id='word_1_540' title='bbox 894 4681 1126 4739; x_wconf 87' lang='lat' dir='ltr'><strong>vicibus</strong></span> <span class='ocrx_word' id='word_1_541' title='bbox 1158 4683 1534 4750; x_wconf 88' lang='lat' dir='ltr'><strong>volitantum,</strong></span> 
     </span>
    </p>
   </div>
   <div class='ocr_carea' id='block_1_80' title="bbox 130 4765 1546 4840">
    <p class='ocr_par' dir='ltr' id='par_1_80' title="bbox 130 4765 1546 4840">
     <span class='ocr_line' id='line_1_80' title="bbox 130 4765 1546 4840; baseline 0.001 -17"><span class='ocrx_word' id='word_1_542' title='bbox 130 4765 427 4840; x_wconf 86' lang='lat' dir='ltr'><strong>Lapsibus</strong></span> <span class='ocrx_word' id='word_1_543' title='bbox 459 4771 635 4840; x_wconf 88' lang='lat' dir='ltr'><strong>atque</strong></span> <span class='ocrx_word' id='word_1_544' title='bbox 668 4769 1027 4824; x_wconf 86' lang='lat' dir='ltr'><strong>volubilibus</strong></span> <span class='ocrx_word' id='word_1_545' title='bbox 1059 4770 1161 4826; x_wconf 90' lang='lat' dir='ltr'><strong>fati</strong></span> <span class='ocrx_word' id='word_1_546' title='bbox 1192 4770 1546 4840; x_wconf 88' lang='lat' dir='ltr'><strong>exagitantis</strong></span> 
     </span>
    </p>
   </div>
   <div class='ocr_carea' id='block_1_81' title="bbox 131 4857 1698 4929">
    <p class='ocr_par' dir='ltr' id='par_1_81' title="bbox 131 4857 1698 4929">
     <span class='ocr_line' id='line_1_81' title="bbox 131 4857 1698 4929; baseline 0.001 -17"><span class='ocrx_word' id='word_1_547' title='bbox 131 4857 327 4913; x_wconf 81' lang='lat' dir='ltr'><strong>Anxia</strong></span> <span class='ocrx_word' id='word_1_548' title='bbox 359 4875 528 4913; x_wconf 86' lang='lat' dir='ltr'><strong>mens</strong></span> <span class='ocrx_word' id='word_1_549' title='bbox 562 4857 790 4925; x_wconf 89' lang='lat' dir='ltr'><strong>titubat,</strong></span> <span class='ocrx_word' id='word_1_550' title='bbox 826 4859 1024 4914; x_wconf 89' lang='lat' dir='ltr'><strong>nimiis</strong></span> <span class='ocrx_word' id='word_1_551' title='bbox 1060 4860 1418 4929; x_wconf 87' lang='lat' dir='ltr'><strong>singultibus</strong></span> <span class='ocrx_word' id='word_1_552' title='bbox 1445 4861 1698 4928; x_wconf 78' lang='lat' dir='ltr'><strong>haerens,</strong></span> 
     </span>
    </p>
   </div>
   <div class='ocr_carea' id='block_1_82' title="bbox 134 4947 1792 5020">
    <p class='ocr_par' dir='ltr' id='par_1_82' title="bbox 134 4947 1792 5020">
     <span class='ocr_line' id='line_1_82' title="bbox 134 4947 1792 5020; baseline 0 -18"><span class='ocrx_word' id='word_1_553' title='bbox 134 4950 246 5002; x_wconf 84' lang='lat' dir='ltr'><strong>Cor</strong></span> <span class='ocrx_word' id='word_1_554' title='bbox 271 4963 512 5018; x_wconf 89' lang='lat' dir='ltr'><strong>quoque</strong></span> <span class='ocrx_word' id='word_1_555' title='bbox 545 4948 968 5020; x_wconf 56' lang='lat' dir='ltr'><strong>phetrepidum</strong></span> <span class='ocrx_word' id='word_1_556' title='bbox 998 4949 1161 5003; x_wconf 86' lang='lat' dir='ltr'><strong>libris</strong></span> <span class='ocrx_word' id='word_1_557' title='bbox 1193 4949 1500 5003; x_wconf 88' lang='lat' dir='ltr'><strong>marccssit</strong></span> <span class='ocrx_word' id='word_1_558' title='bbox 1548 4947 1792 5004; x_wconf 87' lang='lat' dir='ltr'><strong>adustis.</strong></span> 
     </span>
    </p>
   </div>
   <div class='ocr_carea' id='block_1_83' title="bbox 131 5037 1627 5111">
    <p class='ocr_par' dir='ltr' id='par_1_83' title="bbox 131 5037 1627 5111">
     <span class='ocr_line' id='line_1_83' title="bbox 131 5037 1627 5111; baseline 0 -19"><span class='ocrx_word' id='word_1_559' title='bbox 131 5039 398 5109; x_wconf 86' lang='lat' dir='ltr'><strong>Torpens</strong></span> <span class='ocrx_word' id='word_1_560' title='bbox 432 5042 521 5092; x_wconf 90' lang='lat' dir='ltr'><strong>ast</strong></span> <span class='ocrx_word' id='word_1_561' title='bbox 552 5038 790 5093; x_wconf 89' lang='lat' dir='ltr'><strong>animus</strong></span> <span class='ocrx_word' id='word_1_562' title='bbox 820 5037 1063 5111; x_wconf 89' lang='lat' dir='ltr'><strong>planctu</strong></span> <span class='ocrx_word' id='word_1_563' title='bbox 1095 5039 1356 5109; x_wconf 85' lang='lat' dir='ltr'><strong>suspirat</strong></span> <span class='ocrx_word' id='word_1_564' title='bbox 1387 5039 1627 5107; x_wconf 89' lang='lat' dir='ltr'><strong>acerbo,</strong></span> 
     </span>
    </p>
   </div>
   <div class='ocr_carea' id='block_1_84' title="bbox 133 5127 1737 5199">
    <p class='ocr_par' dir='ltr' id='par_1_84' title="bbox 133 5127 1737 5199">
     <span class='ocr_line' id='line_1_84' title="bbox 133 5127 1737 5199; baseline -0.001 -18"><span class='ocrx_word' id='word_1_565' title='bbox 133 5127 485 5199; x_wconf 81' lang='lat' dir='ltr'><strong>Linguaque</strong></span> <span class='ocrx_word' id='word_1_566' title='bbox 512 5128 855 5183; x_wconf 87' lang='lat' dir='ltr'><strong>raucidulos</strong></span> <span class='ocrx_word' id='word_1_567' title='bbox 886 5145 1094 5183; x_wconf 86' lang='lat' dir='ltr'><strong>cursus</strong></span> <span class='ocrx_word' id='word_1_568' title='bbox 1121 5129 1251 5198; x_wconf 86' lang='lat' dir='ltr'><strong>jam</strong></span> <span class='ocrx_word' id='word_1_569' title='bbox 1284 5127 1536 5197; x_wconf 85' lang='lat' dir='ltr'><strong>gutturis</strong></span> <span class='ocrx_word' id='word_1_570' title='bbox 1567 5127 1737 5193; x_wconf 87' lang='lat' dir='ltr'><strong>inter,</strong></span> 
     </span>
    </p>
   </div>
   <div class='ocr_carea' id='block_1_85' title="bbox 132 5215 1530 5286">
    <p class='ocr_par' dir='ltr' id='par_1_85' title="bbox 132 5215 1530 5286">
     <span class='ocr_line' id='line_1_85' title="bbox 132 5215 1530 5286; baseline 0.001 -18"><span class='ocrx_word' id='word_1_571' title='bbox 132 5215 444 5286; x_wconf 89' lang='lat' dir='ltr'><strong>Desipiens</strong></span> <span class='ocrx_word' id='word_1_572' title='bbox 471 5215 689 5282; x_wconf 90' lang='lat' dir='ltr'><strong>horret,</strong></span> <span class='ocrx_word' id='word_1_573' title='bbox 721 5215 999 5280; x_wconf 87' lang='lat' dir='ltr'><strong>balbutit,</strong></span> <span class='ocrx_word' id='word_1_574' title='bbox 1029 5215 1299 5283; x_wconf 87' lang='lat' dir='ltr'><strong>blaterat,</strong></span> <span class='ocrx_word' id='word_1_575' title='bbox 1331 5217 1530 5283; x_wconf 67' lang='lat' dir='ltr'><strong>haeret,</strong></span> 
     </span>
    </p>
   </div>
   <div class='ocr_carea' id='block_1_86' title="bbox 137 5303 1563 5376">
    <p class='ocr_par' dir='ltr' id='par_1_86' title="bbox 137 5303 1563 5376">
     <span class='ocr_line' id='line_1_86' title="bbox 137 5303 1563 5376; baseline -0.002 -15"><span class='ocrx_word' id='word_1_576' title='bbox 137 5303 550 5376; x_wconf 88' lang='lat' dir='ltr'><strong>Squalintique</strong></span> <span class='ocrx_word' id='word_1_577' title='bbox 583 5305 697 5360; x_wconf 89' lang='lat' dir='ltr'><strong>situ</strong></span> <span class='ocrx_word' id='word_1_578' title='bbox 726 5306 826 5360; x_wconf 83' lang='lat' dir='ltr'><strong>vix</strong></span> <span class='ocrx_word' id='word_1_579' title='bbox 846 5305 1028 5360; x_wconf 84' lang='lat' dir='ltr'><strong>verba</strong></span> <span class='ocrx_word' id='word_1_580' title='bbox 1054 5304 1332 5361; x_wconf 87' lang='lat' dir='ltr'><strong>sonantia</strong></span> <span class='ocrx_word' id='word_1_581' title='bbox 1363 5304 1563 5374; x_wconf 89' lang='lat' dir='ltr'><strong>garrit,</strong></span> 
     </span>
    </p>
   </div>
   <div class='ocr_carea' id='block_1_87' title="bbox 135 5392 1609 5467">
    <p class='ocr_par' dir='ltr' id='par_1_87' title="bbox 135 5392 1609 5467">
     <span class='ocr_line' id='line_1_87' title="bbox 135 5392 1609 5467; baseline 0 -20"><span class='ocrx_word' id='word_1_582' title='bbox 135 5393 571 5467; x_wconf 86' lang='lat' dir='ltr'><strong>Ingeniumque</strong></span> <span class='ocrx_word' id='word_1_583' title='bbox 601 5411 824 5463; x_wconf 88' lang='lat' dir='ltr'><strong>socors,</strong></span> <span class='ocrx_word' id='word_1_584' title='bbox 853 5394 1303 5466; x_wconf 89' lang='lat' dir='ltr'><strong>intellectusque</strong></span> <span class='ocrx_word' id='word_1_585' title='bbox 1335 5392 1609 5467; x_wconf 88' lang='lat' dir='ltr'><strong>pusillus,</strong></span> 
     </span>
    </p>
   </div>
   <div class='ocr_carea' id='block_1_88' title="bbox 132 5481 1544 5557">
    <p class='ocr_par' dir='ltr' id='par_1_88' title="bbox 132 5481 1544 5557">
     <span class='ocr_line' id='line_1_88' title="bbox 132 5481 1544 5557; baseline 0.001 -20"><span class='ocrx_word' id='word_1_586' title='bbox 132 5481 397 5537; x_wconf 75' lang='lat' dir='ltr'><strong>Difﬁcilis</strong></span> <span class='ocrx_word' id='word_1_587' title='bbox 429 5500 662 5551; x_wconf 87' lang='lat' dir='ltr'><strong>sensus,</strong></span> <span class='ocrx_word' id='word_1_588' title='bbox 692 5484 842 5540; x_wconf 85' lang='lat' dir='ltr'><strong>heu!</strong></span> <span class='ocrx_word' id='word_1_589' title='bbox 877 5484 1237 5557; x_wconf 90' lang='lat' dir='ltr'><strong>stultitiaque</strong></span> <span class='ocrx_word' id='word_1_590' title='bbox 1265 5484 1544 5557; x_wconf 88' lang='lat' dir='ltr'><strong>repletus.</strong></span> 
     </span>
    </p>
   </div>
   <div class='ocr_carea' id='block_1_89' title="bbox 137 5571 1561 5646">
    <p class='ocr_par' dir='ltr' id='par_1_89' title="bbox 137 5571 1561 5646">
     <span class='ocr_line' id='line_1_89' title="bbox 137 5571 1561 5646; baseline 0.001 -19"><span class='ocrx_word' id='word_1_591' title='bbox 137 5571 309 5637; x_wconf 83' lang='lat' dir='ltr'><strong>Quali</strong></span> <span class='ocrx_word' id='word_1_592' title='bbox 339 5571 526 5644; x_wconf 87' lang='lat' dir='ltr'><strong>quibo</strong></span> <span class='ocrx_word' id='word_1_593' title='bbox 558 5573 740 5628; x_wconf 88' lang='lat' dir='ltr'><strong>modo</strong></span> <span class='ocrx_word' id='word_1_594' title='bbox 771 5577 1013 5646; x_wconf 88' lang='lat' dir='ltr'><strong>compto</strong></span> <span class='ocrx_word' id='word_1_595' title='bbox 1040 5591 1314 5630; x_wconf 88' lang='lat' dir='ltr'><strong>sermone</strong></span> <span class='ocrx_word' id='word_1_596' title='bbox 1346 5574 1561 5630; x_wconf 84' lang='lat' dir='ltr'><strong>referre</strong></span> 
     </span>
    </p>
   </div>
   <div class='ocr_carea' id='block_1_90' title="bbox 211 5699 1113 5770">
    <p class='ocr_par' dir='ltr' id='par_1_90' title="bbox 211 5699 1113 5770">
     <span class='ocr_line' id='line_1_90' title="bbox 211 5699 1113 5770; baseline -0.003 -14"><span class='ocrx_word' id='word_1_597' title='bbox 211 5699 324 5770; x_wconf 82' lang='grc'><strong>(15)</strong></span> <span class='ocrx_word' id='word_1_598' title='bbox 361 5699 499 5767; x_wconf 81' lang='lat' dir='ltr'><strong>Iste,</strong></span> <span class='ocrx_word' id='word_1_599' title='bbox 533 5704 600 5758; x_wconf 86' lang='lat' dir='ltr'><strong>ut</strong></span> <span class='ocrx_word' id='word_1_600' title='bbox 627 5703 857 5756; x_wconf 87' lang='lat' dir='ltr'><strong>constet</strong></span> <span class='ocrx_word' id='word_1_601' title='bbox 887 5715 1113 5756; x_wconf 87' lang='lat' dir='ltr'><strong>versus.</strong></span> 
     </span>
    </p>
   </div>
   <div class='ocr_carea' id='block_1_91' title="bbox 1905 4586 3352 4660">
    <p class='ocr_par' dir='ltr' id='par_1_91' title="bbox 1905 4586 3352 4660">
     <span class='ocr_line' id='line_1_91' title="bbox 1905 4586 3352 4660; baseline -0.004 -12"><span class='ocrx_word' id='word_1_602' title='bbox 1905 4591 2077 4660; x_wconf 87' lang='lat' dir='ltr'><strong>Quod</strong></span> <span class='ocrx_word' id='word_1_603' title='bbox 2106 4589 2252 4647; x_wconf 91' lang='lat' dir='ltr'><strong>mihi</strong></span> <span class='ocrx_word' id='word_1_604' title='bbox 2284 4589 2515 4646; x_wconf 87' lang='lat' dir='ltr'><strong>nutanti</strong></span> <span class='ocrx_word' id='word_1_605' title='bbox 2546 4588 2935 4644; x_wconf 88' lang='lat' dir='ltr'><strong>committitur</strong></span> <span class='ocrx_word' id='word_1_606' title='bbox 2970 4586 3352 4643; x_wconf 86' lang='lat' dir='ltr'><strong>accumulare</strong></span> 
     </span>
    </p>
   </div>
   <div class='ocr_carea' id='block_1_92' title="bbox 1905 4676 3317 4748">
    <p class='ocr_par' dir='ltr' id='par_1_92' title="bbox 1905 4676 3317 4748">
     <span class='ocr_line' id='line_1_92' title="bbox 1905 4676 3317 4748; baseline -0.005 -11"><span class='ocrx_word' id='word_1_607' title='bbox 1905 4681 2155 4738; x_wconf 80' lang='lat' dir='ltr'><strong>Numine</strong></span> <span class='ocrx_word' id='word_1_608' title='bbox 2185 4678 2388 4734; x_wconf 83' lang='lat' dir='ltr'><strong>divino</strong></span> <span class='ocrx_word' id='word_1_609' title='bbox 2415 4682 2670 4747; x_wconf 90' lang='lat' dir='ltr'><strong>gestum,</strong></span> <span class='ocrx_word' id='word_1_610' title='bbox 2697 4681 2967 4748; x_wconf 90' lang='lat' dir='ltr'><strong>nutuque</strong></span> <span class='ocrx_word' id='word_1_611' title='bbox 2999 4691 3258 4748; x_wconf 90' lang='lat' dir='ltr'><strong>superno</strong></span> <span class='ocrx_word' id='word_1_612' title='bbox 3289 4676 3317 4730; x_wconf 66' lang='grc' dir='ltr'><strong><em>Ἰ</em></strong></span> 
     </span>
    </p>
   </div>
   <div class='ocr_carea' id='block_1_93' title="bbox 1907 4765 3256 4841">
    <p class='ocr_par' dir='ltr' id='par_1_93' title="bbox 1907 4765 3256 4841">
     <span class='ocr_line' id='line_1_93' title="bbox 1907 4765 3256 4841; baseline -0.003 -15"><span class='ocrx_word' id='word_1_613' title='bbox 1907 4770 2016 4837; x_wconf 89' lang='lat' dir='ltr'><strong>Qui</strong></span> <span class='ocrx_word' id='word_1_614' title='bbox 2041 4786 2150 4825; x_wconf 89' lang='lat' dir='ltr'><strong>nec</strong></span> <span class='ocrx_word' id='word_1_615' title='bbox 2180 4768 2456 4841; x_wconf 89' lang='lat' dir='ltr'><strong>privatim</strong></span> <span class='ocrx_word' id='word_1_616' title='bbox 2484 4784 2649 4836; x_wconf 89' lang='lat' dir='ltr'><strong>casu,</strong></span> <span class='ocrx_word' id='word_1_617' title='bbox 2681 4783 2791 4822; x_wconf 90' lang='lat' dir='ltr'><strong>nec</strong></span> <span class='ocrx_word' id='word_1_618' title='bbox 2821 4765 3059 4838; x_wconf 88' lang='lat' dir='ltr'><strong>publice</strong></span> <span class='ocrx_word' id='word_1_619' title='bbox 3090 4771 3256 4835; x_wconf 83' lang='lat' dir='ltr'><strong>gesta</strong></span> 
     </span>
    </p>
   </div>
   <div class='ocr_carea' id='block_1_94' title="bbox 1905 4853 3252 4928">
    <p class='ocr_par' dir='ltr' id='par_1_94' title="bbox 1905 4853 3252 4928">
     <span class='ocr_line' id='line_1_94' title="bbox 1905 4853 3252 4928; baseline -0.003 -14"><span class='ocrx_word' id='word_1_620' title='bbox 1905 4859 2124 4915; x_wconf 88' lang='lat' dir='ltr'><strong>Elicere</strong></span> <span class='ocrx_word' id='word_1_621' title='bbox 2148 4857 2431 4913; x_wconf 91' lang='lat' dir='ltr'><strong>humanis</strong></span> <span class='ocrx_word' id='word_1_622' title='bbox 2463 4871 2713 4928; x_wconf 90' lang='lat' dir='ltr'><strong>possum</strong></span> <span class='ocrx_word' id='word_1_623' title='bbox 2745 4854 2976 4924; x_wconf 86' lang='lat' dir='ltr'><strong>digesta</strong></span> <span class='ocrx_word' id='word_1_624' title='bbox 3002 4853 3252 4910; x_wconf 90' lang='lat' dir='ltr'><strong>labellis.</strong></span> 
     </span>
    </p>
   </div>
   <div class='ocr_carea' id='block_1_95' title="bbox 1909 4940 3494 5018">
    <p class='ocr_par' dir='ltr' id='par_1_95' title="bbox 1909 4940 3494 5018">
     <span class='ocr_line' id='line_1_95' title="bbox 1909 4940 3494 5018; baseline -0.004 -15"><span class='ocrx_word' id='word_1_625' title='bbox 1909 4948 2065 5003; x_wconf 90' lang='lat' dir='ltr'><strong>Ultra</strong></span> <span class='ocrx_word' id='word_1_626' title='bbox 2093 4963 2266 5018; x_wconf 85' lang='lat' dir='ltr'><strong>posse</strong></span> <span class='ocrx_word' id='word_1_627' title='bbox 2300 4962 2479 5000; x_wconf 90' lang='lat' dir='ltr'><strong>suum</strong></span> <span class='ocrx_word' id='word_1_628' title='bbox 2509 4943 2750 5016; x_wconf 90' lang='lat' dir='ltr'><strong>pondus</strong></span> <span class='ocrx_word' id='word_1_629' title='bbox 2779 4943 3052 5015; x_wconf 89' lang='lat' dir='ltr'><strong>quisquis</strong></span> <span class='ocrx_word' id='word_1_630' title='bbox 3080 4959 3260 5012; x_wconf 86' lang='lat' dir='ltr'><strong>grave</strong></span> <span class='ocrx_word' id='word_1_631' title='bbox 3294 4940 3494 5012; x_wconf 91' lang='lat' dir='ltr'><strong>sumit,</strong></span> 
     </span>
    </p>
   </div>
   <div class='ocr_carea' id='block_1_96' title="bbox 1909 5032 3448 5107">
    <p class='ocr_par' dir='ltr' id='par_1_96' title="bbox 1909 5032 3448 5107">
     <span class='ocr_line' id='line_1_96' title="bbox 1909 5032 3448 5107; baseline -0.003 -16"><span class='ocrx_word' id='word_1_632' title='bbox 1909 5035 2255 5091; x_wconf 87' lang='lat' dir='ltr'><strong>Ludibrium</strong></span> <span class='ocrx_word' id='word_1_633' title='bbox 2283 5050 2498 5107; x_wconf 88' lang='lat' dir='ltr'><strong>passus</strong></span> <span class='ocrx_word' id='word_1_634' title='bbox 2531 5048 2971 5105; x_wconf 66' lang='lat' dir='ltr'><strong>prremagnum,</strong></span> <span class='ocrx_word' id='word_1_635' title='bbox 3004 5032 3448 5104; x_wconf 90' lang='lat' dir='ltr'><strong>ridiculumque</strong></span> 
     </span>
    </p>
   </div>
   <div class='ocr_carea' id='block_1_97' title="bbox 1907 5121 3064 5196">
    <p class='ocr_par' dir='ltr' id='par_1_97' title="bbox 1907 5121 3064 5196">
     <span class='ocr_line' id='line_1_97' title="bbox 1907 5121 3064 5196; baseline -0.002 -18"><span class='ocrx_word' id='word_1_636' title='bbox 1907 5123 2199 5196; x_wconf 90' lang='lat' dir='ltr'><strong>Impendit</strong></span> <span class='ocrx_word' id='word_1_637' title='bbox 2223 5128 2410 5179; x_wconf 90' lang='lat' dir='ltr'><strong>semet</strong></span> <span class='ocrx_word' id='word_1_638' title='bbox 2438 5123 2679 5177; x_wconf 68' lang='lat' dir='ltr'><strong>ludicra:</strong></span> <span class='ocrx_word' id='word_1_639' title='bbox 2714 5121 3064 5189; x_wconf 85' lang='lat' dir='ltr'><strong>garrulitati.</strong></span> 
     </span>
    </p>
   </div>
   <div class='ocr_carea' id='block_1_98' title="bbox 1908 5210 3280 5286">
    <p class='ocr_par' dir='ltr' id='par_1_98' title="bbox 1908 5210 3280 5286">
     <span class='ocr_line' id='line_1_98' title="bbox 1908 5210 3280 5286; baseline -0.002 -17"><span class='ocrx_word' id='word_1_640' title='bbox 1908 5216 2072 5286; x_wconf 76' lang='lat' dir='ltr'><strong>Saepe</strong></span> <span class='ocrx_word' id='word_1_641' title='bbox 2105 5214 2240 5268; x_wconf 67' lang='lat' dir='ltr'><strong>ferre</strong></span> <span class='ocrx_word' id='word_1_642' title='bbox 2273 5211 2546 5268; x_wconf 89' lang='lat' dir='ltr'><strong>sectatori</strong></span> <span class='ocrx_word' id='word_1_643' title='bbox 2570 5211 2810 5266; x_wconf 88' lang='lat' dir='ltr'><strong>incauto</strong></span> <span class='ocrx_word' id='word_1_644' title='bbox 2842 5213 2967 5266; x_wconf 88' lang='lat' dir='ltr'><strong>arte</strong></span> <span class='ocrx_word' id='word_1_645' title='bbox 2998 5210 3280 5278; x_wconf 88' lang='lat' dir='ltr'><strong>venandi,</strong></span> 
     </span>
    </p>
   </div>
   <div class='ocr_carea' id='block_1_99' title="bbox 1909 5298 3345 5374">
    <p class='ocr_par' dir='ltr' id='par_1_99' title="bbox 1909 5298 3345 5374">
     <span class='ocr_line' id='line_1_99' title="bbox 1909 5298 3345 5374; baseline -0.001 -18"><span class='ocrx_word' id='word_1_646' title='bbox 1909 5305 1974 5357; x_wconf 90' lang='lat' dir='ltr'><strong>Et</strong></span> <span class='ocrx_word' id='word_1_647' title='bbox 2003 5319 2111 5357; x_wconf 89' lang='lat' dir='ltr'><strong>sua</strong></span> <span class='ocrx_word' id='word_1_648' title='bbox 2137 5301 2489 5374; x_wconf 89' lang='lat' dir='ltr'><strong>pessumdat</strong></span> <span class='ocrx_word' id='word_1_649' title='bbox 2513 5299 2904 5373; x_wconf 83' lang='lat' dir='ltr'><strong>praesumptio</strong></span> <span class='ocrx_word' id='word_1_650' title='bbox 2935 5303 2992 5354; x_wconf 89' lang='lat' dir='ltr'><strong>et</strong></span> <span class='ocrx_word' id='word_1_651' title='bbox 3022 5298 3181 5356; x_wconf 87' lang='lat' dir='ltr'><strong>invia</strong></span> <span class='ocrx_word' id='word_1_652' title='bbox 3207 5298 3345 5355; x_wconf 88' lang='lat' dir='ltr'><strong>luci.</strong></span> 
     </span>
    </p>
   </div>
   <div class='ocr_carea' id='block_1_100' title="bbox 1911 5387 3351 5462">
    <p class='ocr_par' dir='ltr' id='par_1_100' title="bbox 1911 5387 3351 5462">
     <span class='ocr_line' id='line_1_100' title="bbox 1911 5387 3351 5462; baseline -0.002 -17"><span class='ocrx_word' id='word_1_653' title='bbox 1911 5390 1999 5446; x_wconf 92' lang='lat' dir='ltr'><strong>Sic</strong></span> <span class='ocrx_word' id='word_1_654' title='bbox 2032 5395 2175 5461; x_wconf 89' lang='lat' dir='ltr'><strong>tyro-</strong></span> <span class='ocrx_word' id='word_1_655' title='bbox 2195 5405 2474 5462; x_wconf 87' lang='lat' dir='ltr'><strong>parmam</strong></span> <span class='ocrx_word' id='word_1_656' title='bbox 2507 5391 2698 5458; x_wconf 88' lang='lat' dir='ltr'><strong>gestat</strong></span> <span class='ocrx_word' id='word_1_657' title='bbox 2726 5387 2861 5442; x_wconf 87' lang='lat' dir='ltr'><strong>belli</strong></span> <span class='ocrx_word' id='word_1_658' title='bbox 2886 5387 3351 5444; x_wconf 89' lang='lat' dir='ltr'><strong>monimentum.</strong></span> 
     </span>
    </p>
   </div>
   <div class='ocr_carea' id='block_1_101' title="bbox 1911 5476 3107 5548">
    <p class='ocr_par' dir='ltr' id='par_1_101' title="bbox 1911 5476 3107 5548">
     <span class='ocr_line' id='line_1_101' title="bbox 1911 5476 3107 5548; baseline -0.001 -15"><span class='ocrx_word' id='word_1_659' title='bbox 1911 5481 2059 5533; x_wconf 88' lang='lat' dir='ltr'><strong>Usus</strong></span> <span class='ocrx_word' id='word_1_660' title='bbox 2088 5479 2294 5534; x_wconf 84' lang='lat' dir='ltr'><strong>lascivi</strong></span> <span class='ocrx_word' id='word_1_661' title='bbox 2324 5477 2478 5532; x_wconf 88' lang='lat' dir='ltr'><strong>facili</strong></span> <span class='ocrx_word' id='word_1_662' title='bbox 2507 5477 2823 5532; x_wconf 88' lang='lat' dir='ltr'><strong>conamine</strong></span> <span class='ocrx_word' id='word_1_663' title='bbox 2855 5476 3107 5548; x_wconf 89' lang='lat' dir='ltr'><strong>sudans,</strong></span> 
     </span>
    </p>
   </div>
   <div class='ocr_carea' id='block_1_102' title="bbox 1912 5567 3116 5626">
    <p class='ocr_par' dir='ltr' id='par_1_102' title="bbox 1912 5567 3116 5626">
     <span class='ocr_line' id='line_1_102' title="bbox 1912 5567 3116 5626; baseline 0 -2"><span class='ocrx_word' id='word_1_664' title='bbox 1912 5572 2149 5626; x_wconf 84' lang='lat' dir='ltr'><strong>Extorto</strong></span> <span class='ocrx_word' id='word_1_665' title='bbox 2178 5568 2283 5624; x_wconf 90' lang='lat' dir='ltr'><strong>sed</strong></span> <span class='ocrx_word' id='word_1_666' title='bbox 2312 5584 2434 5624; x_wconf 92' lang='lat' dir='ltr'><strong>non</strong></span> <span class='ocrx_word' id='word_1_667' title='bbox 2461 5567 2618 5624; x_wconf 89' lang='lat' dir='ltr'><strong>norit</strong></span> <span class='ocrx_word' id='word_1_668' title='bbox 2643 5572 2866 5623; x_wconf 87' lang='lat' dir='ltr'><strong>certare</strong></span> <span class='ocrx_word' id='word_1_669' title='bbox 2897 5567 3116 5624; x_wconf 87' lang='lat' dir='ltr'><strong>duello.</strong></span> 
     </span>
    </p>
   </div>
  </div>
