3874 6532
391 483 494 536 615
1307 468 1612 526 DUDONIS
1657 466 1908 524 DECANI
1949 467 2004 522 S.
2046 464 2351 531 QUINTINI
2390 470 2869 529 VIROMAMAND.
3732 481 3809 532 616

392 603 525 659 Ales
554 613 869 671 nunquam
894 598 1091 650 vestra
1118 598 1272 649 totus
1301 591 1601 665 spatulum
1632 590 1742 645 sibi
1775 605 2030 656 cessum,
2068 589 2118 642 Α
2219 594 2508 665 Portaque
2533 578 3014 662 difﬁcilis’ariete,
3048 610 3171 651 non
3202 595 3462 667 fragilis.

394 691 616 748 Praevia
644 687 739 744 cui
769 690 956 741 mater
980 683 1099 738 dux
1132 697 1254 737 non
1284 680 1472 746 fuerit,
1505 679 1813 734 resecabit.
2145 680 2480 752 Orphanus,
2511 683 2668 753 exul,
2702 683 2898 755 inops,
2928 682 3205 756 capiebat
3232 700 3421 757 opem
3455 685 3789 760 viduaeque

394 778 608 850 Ingerit
634 777 695 831 in
725 774 970 847 pelagas
999 786 1187 843 parva
1210 769 1311 841 qui
1336 768 1507 823 lintre
1538 768 1839 823 marinum
2217 768 2491 825 Solamen
2518 771 2763 838 cunctis,
2798 771 3127 844 orphanus,
3157 772 3316 842 exul,
3346 772 3566 846 inopS.

393 870 716 922 Nautarum
748 864 937 916 semet
965 857 1250 914 doctrinae
1278 857 1522 926 ignarus
1543 860 1600 910 et
1628 855 1787 924 artis,
2143 857 2429 913 Ecclesias
2461 859 2682 927 statuit,
2715 874 2990 931 paganos
3022 860 3264 917 credere
3296 860 3468 925 fecit,

391 955 660 1010 Fluctuat
688 955 789 1007 aut
816 949 975 1014 illuc,
1006 952 1110 1003 aut
1135 947 1273 1015 huc,
1311 950 1415 1001 aut
1444 961 1601 1017 saepe
1630 948 1892 999 voratur.
2213 946 2467 1003 Delubra
2487 949 2829 1015 construxit,
2863 949 3141 1004 ecclesias
3171 950 3398 1006 statuit.

392 1042 501 1110 Qui
530 1041 737 1097 solitus
766 1037 962 1094 faleris
983 1051 1213 1105 onagro
1244 1035 1368 1090 sine
1401 1049 1557 1106 seepe
1589 1033 1813 1100 sedere,
2142 1034 2328 1089 Corde
2364 1037 2543 1091 Deum
2576 1036 2896 1091 Dominum
2927 1036 3131 1093 dilexit
3159 1038 3413 1108 viribus,
3452 1044 3657 1113 atque

390 1130 785 1203 Preecipitatur
812 1141 995 1198 eques
1014 1125 1144 1195 jam
1168 1123 1355 1179 factus
1384 1126 1642 1194 praepete
1672 1138 1869 1177 cursu.
2216 1123 2281 1175 Ut
2304 1137 2364 1176 se
2384 1122 2793 1195 pr0pinquum
2822 1124 3002 1179 corde
3028 1128 3217 1181 Deum
3248 1126 3623 1184 Dominum.

392 1226 517 1277 Non
546 1235 701 1292 opus
730 1217 813 1271 ire
834 1215 1027 1270 forum
1056 1213 1268 1268 librato
1299 1211 1521 1266 faenore
1553 1211 1785 1277 mercis,
2142 1211 2305 1265 Forte
2337 1208 2492 1265 feros
2521 1211 2779 1284 populos
2806 1212 3063 1269 violento
3088 1218 3279 1271 marte
3310 1215 3652 1286 domabat,

393 1314 597 1366 Emere
626 1306 729 1379 qui
758 1303 923 1377 quod
952 1302 1078 1357 vult
1101 1301 1285 1357 nescit
1308 1304 1499 1366 caute,
1541 1304 1600 1355 et
1624 1299 1865 1367 licitare,
2214 1301 2278 1353 Et
2306 1300 2700 1356 conculcabat
2728 1300 2876 1356 forte
2906 1302 3063 1357 feros
3092 1303 3377 1375 populos.

389 1398 588 1455 Totius
617 1394 756 1450 artis
779 1393 974 1464 inops,
1008 1390 1268 1455 rationis,
1299 1388 1703 1460 consiliisque.
2142 1386 2393 1455 Legibus
2423 1393 2478 1442 et
2503 1387 2759 1443 ducibus
2786 1389 2971 1445 verbo
2995 1389 3404 1463 induperabat
3440 1393 3573 1465 (l6)
3604 1395 3808 1459 amico,

393 1489 483 1545 Sic
502 1487 563 1541 in
593 1485 896 1540 diversum
926 1496 1045 1552 prae
1078 1479 1250 1551 lapsu
1281 1478 1569 1533 scinditur
1597 1477 1784 1545 omni,
2210 1474 2436 1530 Gratior
2460 1476 2519 1530 in
2546 1492 2733 1545 regno
2757 1476 2999 1547 regibus
3028 1483 3086 1534 et
3113 1478 3397 1535 ducibus.

390 1576 499 1642 Qui
524 1572 731 1647 repetit
753 1569 919 1643 quod
949 1568 1201 1624 difﬁnire
1225 1567 1432 1640 nequit
1456 1566 1759 1622 moderate
2139 1563 2474 1618 Muneribus
2503 1564 2681 1620 variis
2712 1565 2927 1621 missos
2956 1566 3190 1624 ditabat
3213 1568 3517 1637 honores,

389 1669 705 1722 Doctorum
733 1659 849 1715 nisi
879 1658 1290 1729 doctrinaque,
1324 1656 1526 1711 favore
1549 1656 1809 1725 juvetur.
2209 1656 2310 1706 Ast
2334 1652 2586 1707 humiles
2613 1655 2832 1726 pariter
2857 1656 3208 1712 muneribus
3238 1658 3451 1715 variis.

389 1759 538 1823 Ergo
564 1768 707 1807 meze
735 1764 892 1803 nunc
918 1745 1159 1802 inscitiae
1188 1745 1463 1817 squalore
1492 1759 1812 1816 repungor,
2139 1740 2317 1795 Pallia
2345 1741 2726 1810 distribuens,
2759 1759 2996 1811 aurum,
3024 1744 3229 1817 pelles,
3263 1746 3689 1823 sonipesque,

389 1848 672 1914 Ignorans
704 1853 882 1910 super
900 1838 1013 1891 hoc
1043 1834 1187 1907 quid
1215 1832 2029 1902 agam,faciamve,sinamve.
2210 1832 2441 1885 Munere
2470 1830 2778 1899 largiﬂuus
2809 1832 2988 1904 pallia
3016 1833 3409 1891 distribuens.

385 1936 740 2003 Quanquam
768 1942 978 1982 sensus
1002 1924 1186 1978 hebes
1208 1922 1476 1992 genuinae
1512 1921 1889 1991 garrulitatis,
2074 1931 2113 1984 Β
2143 1918 2466 1974 lndomitas
2500 1922 2685 1974 Dacos
2714 1921 2912 1976 verbis
2937 1921 3256 1979 blandibat
3283 1925 3532 1999 amicis,

384 2017 677 2077 Thematis
703 2013 1034 2086 intepidum
1065 2011 1422 2084 quidquam,
1466 2010 1808 2077 infacetum,
1860 2008 2031 2063 inho-
2214 2007 2593 2079 Austerisque
2621 2024 2901 2080 premens
2931 2010 3385 2084 indomitosque
3410 2017 3646 2072 Dacos.

1748 2097 2028 2168 [nestum,
2141 2095 2374 2150 Ordinis
2406 2102 2583 2169 atque
2612 2097 2834 2168 gradus
2854 2099 3038 2154 nostri
3060 2099 3247 2156 decus
3268 2117 3450 2159 omne
3469 2120 3597 2176 per
3624 2123 3809 2178 omne,

386 2199 638 2267 Digerat,
670 2191 927 2249 auctoris
955 2189 1176 2245 nullius
1208 2188 1417 2243 robore
1448 2187 1652 2242 fretus.
2210 2189 2288 2238 Ac
2319 2185 2763 2242 firmamentum
2795 2186 3019 2242 ordinis
3051 2193 3232 2261 atque
3260 2191 3521 2259 gradus.

383 2283 709 2355 Aggrediar
732 2285 937 2353 potero
967 2276 1281 2349 quidquid,
1310 2276 1645 2346 faciamque
1668 2278 1923 2346 meapte,
2139 2272 2413 2345 Alloquio
2442 2274 2709 2345 celebris,
2736 2276 3023 2331 virtutum
3049 2278 3353 2347 agalmate
3385 2280 3677 2354 pinguis,

384 2374 597 2429 Fidens
626 2371 686 2426 in
719 2368 969 2424 Domino
995 2364 1293 2420 mundum
1324 2363 1543 2419 ditione
1568 2368 1823 2432 regente,
2208 2364 2544 2417 Mansuetus
2576 2363 2780 2432 verbo,
2814 2363 3077 2436 alloquio
3109 2366 3385 2424 celebris.

386 2458 686 2532 Quidquid
714 2456 841 2511 vult
866 2454 1087 2510 faciens
1115 2452 1284 2520 ccelo,
1312 2456 1605 2523 terraque,
1639 2451 1909 2523 marique
2136 2450 2513 2505 Causidicum
2541 2456 2825 2524 superant
2849 2454 2979 2523 ejus
3011 2470 3109 2509 me
3137 2470 3301 2511 nunc
3335 2455 3691 2531 bonitates,

384 2549 613 2606 Rudere
643 2548 989 2601 consuetam
1019 2541 1191 2614 plene
1217 2541 1389 2595 edere
1419 2540 1598 2595 verba
1628 2539 1838 2608 coegit,
2207 2545 2394 2611 Atque
2423 2540 2731 2596 facultates
2772 2541 3146 2599 causidicum
3177 2552 3497 2617 superant.

387 2636 726 2707 Sessorique
757 2648 865 2687 suo
895 2630 1133 2686 alterius
1156 2630 1442 2701 profarier
1466 2630 1635 2697 orsis,
2136 2629 2444 2683 Permanet
2468 2627 2754 2683 indicium
2786 2628 2941 2684 illius
2972 2647 3181 2687 verum
3212 2632 3572 2704 probitatis,

383 2729 633 2795 Postque
663 2718 1054 2792 sepulcralem
1084 2720 1363 2772 Lazarum
1406 2717 1689 2771 recreavit
1714 2717 2026 2783 honorem,
2210 2714 2388 2783 Signa
2412 2721 2469 2770 et
2495 2716 2691 2771 adhuc
2716 2717 2976 2784 rutilant,
3012 2720 3326 2790 permanei
3356 2721 3701 2781 indicium.

383 2816 447 2868 Et
474 2809 655 2866 voluit
683 2809 952 2863 functum
977 2809 1111 2878 post
1141 2805 1319 2859 funus
1340 2820 1572 2859 currere
1594 2804 1812 2859 vivum.
2136 2804 2406 2876 Amplius
2438 2805 2701 2877 eloquar.
2739 2822 2817 2862 an
2848 2807 3055 2863 sileam
3077 2824 3212 2881 quae
3241 2814 3421 2879 gesta
3454 2812 3771 2881 videntur,

381 2904 514 2957 Post
543 2897 719 2954 subiit
748 2894 959 2951 vexilla
987 2893 1196 2957 crucis,
1223 2892 1642 2964 mundumque
1671 2892 1939 2949 redemit.
2206 2892 2491 2960 Tempore
2525 2895 2771 2945 venturo
2805 2891 3074 2964 eloquar,
3107 2898 3212 2948 aut
3241 2893 3463 2951 sileam
3495 2900 3529 2953 ζ)

382 2989 623 3060 Suscipe
653 2990 817 3055 gesta
842 2983 923 3039 tui
950 2982 1179 3056 proavi,
1209 2982 1426 3054 praesul
1453 2982 1786 3051 recolende,
2136 2977 2357 3032 Garriet
2386 2994 2519 3033 ecce
2550 2993 2719 3033 meus
2751 2979 2965 3049 poterit
2991 2996 3377 3054 quaecunque
3410 2984 3684 3056 relatus,

451 3080 516 3131 Et
540 3072 850 3145 locupletis
886 3070 978 3126 avi
1011 3070 1247 3142 suscipe
1277 3074 1442 3139 gesta
1473 3070 1573 3125 tui.
2204 3069 2623 3138 Tractatusque
2645 3067 2821 3122 simul
2842 3067 3059 3137 garriet
3078 3084 3215 3125 ecce
3242 3086 3443 3127 meus.

377 3164 528 3229 Quin
556 3162 732 3217 etiam
766 3158 989 3214 meritis
1020 3157 1204 3229 patris
1237 3173 1415 3229 super
1440 3158 1660 3213 aethera
1690 3173 1833 3228 non,
2133 3157 2282 3210 Voce
2307 3155 2507 3210 boabo
2534 3156 2810 3222 fremens,
2840 3158 3179 3213 vehementi
3218 3160 3406 3216 corde
3448 3168 3810 3223 retractans.

448 3248 751 3320 Participis
778 3246 1003 3303 Christo
1033 3244 1178 3317 quin
1208 3245 1387 3300 etiam
1423 3246 1666 3301 meritis.
2064 3271 2104 3324 ρ
2206 3245 2345 3307 Quze
2377 3243 2569 3298 retulit
2596 3242 2799 3298 vivens
2832 3259 2976 3299 voce
3009 3245 3211 3301 boabo
3242 3246 3551 3307 fremens.

377 3339 536 3397 Illius
560 3342 737 3410 atque
756 3334 931 3391 bonis
956 3334 1226 3389 animum
1250 3333 1503 3405 depasce
1533 3333 1826 3403 benignis,
2134 3333 2176 3387 0
2208 3332 2566 3401 venerande,
2598 3332 2713 3403 pie,
2738 3332 3072 3403 recolende,
3105 3337 3371 3393 verende
3398 3345 3710 3410 patrone,

451 3430 674 3482 lnstrue
702 3428 758 3478 te
789 3436 1069 3477 exercens
1097 3420 1250 3475 illius
1280 3424 1458 3492 atque
1484 3421 1682 3476 bonis.
2207 3422 2419 3476 Praesul
2454 3422 2743 3488 Rotberte,
2776 3438 2812 3478 ο
2841 3422 3157 3480 recolende
3183 3425 3299 3497 pie.

376 3513 644 3573 Miriﬁcos
674 3510 940 3567 recolens
971 3512 1138 3563 actus
1171 3524 1446 3564 sermone
1468 3513 1737 3579 retracta,
2134 3513 2517 3565 Immemores
2538 3510 2723 3582 patris
2746 3514 2802 3566 et
2823 3527 3122 3567 memores
3141 3518 3418 3571 scrutare
3442 3518 3800 3595 triumphos

448 3601 792 3672 Affatusque
824 3613 964 3652 suos
990 3596 1271 3651 miriﬁcos
1297 3596 1580 3652 recolens.
2201 3602 2377 3653 Actus
2407 3599 2683 3670 pcrquire
2704 3599 3212 3673 immemoresque
3234 3604 3460 3675 patris.

376 3695 438 3748 Et
470 3705 758 3757 memora,
791 3702 1060 3742 memora
1089 3702 1303 3740 causas
1330 3686 1457 3755 ejus
1479 3688 1924 3757 memorandas,
2131 3688 2541 3760 Exhibeasque
2568 3687 2752 3760 patris
2774 3688 2945 3743 dictis
2977 3693 3159 3746 temet
3181 3695 3582 3765 reverendis,

444 3781 627 3850 Digne
656 3793 791 3850 qua:
823 3775 1003 3847 gessit
1028 3790 1189 3830 nunc
1220 3791 1508 3842 memora,
1541 3792 1829 3834 memora.
2201 3776 2383 3832 Factis
2413 3781 2467 3831 te
2494 3776 2811 3848 speculans
2839 3776 3249 3851 exhibeasque
3280 3783 3475 3853 patri.

372 3870 603 3928 Nisibus
628 3866 858 3924 eximiis
887 3865 1016 3935 ejus
1047 3864 1424 3920 reminiscere
1450 3882 1708 3934 morum,
2127 3865 2445 3920 Subveniat
2463 3864 2681 3934 jugiter
2710 3879 2974 3937 praesens
2994 3866 3187 3923 oratio
3208 3870 3410 3939 patris

439 3964 628 4031 Atque
655 3954 969 4011 recordare
997 3952 1227 4008 nisibus
1254 3954 1502 4009 eximiis.
2199 3956 2456 4025 Vetaque
2487 3952 2770 4008 continua
2801 3952 3167 4009 subveniant
3184 3956 3446 4027 jugiter.

370 4046 723 4117 Legitimum
751 4043 931 4113 hujus
956 4056 1109 4112 opus
1139 4041 1404 4111 relegens
1435 4042 1662 4099 imitare
1692 4044 1959 4112 libenter,
2127 4042 2170 4096 0
2201 4040 2431 4095 utinam
2460 4039 2680 4108 valeas,
2711 4040 2932 4111 Viget“:
2964 4057 3073 4114 P9r
3098 4043 3260 4099 56°13
3281 4051 3613 4120 Ροῑθηῐθΐν

443 4137 510 4189 Et
536 4133 752 4187 rimare
780 4129 1026 4185 studens
1049 4128 1379 4198 legitimum
1411 4132 1592 4203 hujus
1625 4149 1799 4205 opus.
2195 4129 2340 4183 Cum
2372 4127 2603 4183 Christo
2635 4144 2914 4199 regnans,
2946 4146 2982 4184 ο
3014 4130 3249 4187 utinam
3284 4135 3518 4205 vigeas
3554 4140 3571 4195 ε

374 4221 494 4280 Scis
519 4219 661 4293 quia
681 4222 875 4273 castra
906 4216 1004 4271 Dei
1036 4233 1270 4289 semper
1298 4219 1615 4275 recolendo
1647 4220 1975 4289 adamavit,
2125 4217 2296 4274 Elisio
2326 4232 2575 4272 maneas
2604 4232 2821 4289 campo
2850 4222 3020 4290 patre
3047 4236 3189 4275 cum
3218 4228 3612 4300 reverenda,

442 4307 647 4364 Dilexit
671 4321 963 4362 venerans
989 4305 1102 4360 scis
1132 4306 1276 4378 quia
1300 4310 1499 4363 castra
1529 4307 1647 4363 Dei.
2196 4304 2480 4377 Empireee
2510 4304 2714 4376 patriae
2738 4305 2917 4361 Elisio
2946 4324 3221 4366 maneas.

367 4397 556 4455 Ariete
582 4410 704 4452 non
728 4393 951 4463 fragilis
982 4394 1186 4466 patriae
1215 4411 1427 4450 murus
1456 4395 1567 4452 fuit
1591 4396 1738 4469 ipse,

984 4555 1250 4610 VERSUS
1288 4557 1381 4609 AD
1422 4558 1725 4614 COMITEM
1764 4558 2142 4615 RODULFUM
2180 4554 2392 4610 HUJUS
2433 4553 2678 4609 OPERIS
2716 4554 3159 4613 RELATOREM.

364 4678 556 4734 Virtus
586 4681 643 4733 et
667 4690 891 4731 nomen
919 4674 1163 4745 vulgata
1190 4676 1453 4748 potentia
1482 4679 1709 4751 passim
2122 4676 2221 4735 Sol
2235 4675 2397 4731 velut
2410 4675 2571 4730 hunc
2586 4676 3147 4743 mundum,refoves
3160 4679 3250 4735 sic
3262 4681 3531 4742 sirmate
3546 4704 3681 4745 cun
3689 4694 3816 4745 cmi-

362 4766 756 4835 Flammigero
785 4763 951 4832 regni
982 4763 1326 4820 substractis
1348 4767 1606 4822 crevitin
1629 4768 1795 4839 orbe,
2117 4765 2279 4822 Nilus
2302 4771 2368 4820 ut
2394 4766 2735 4836 Egyptum,
2765 4781 2999 4821 recreas
3026 4766 3113 4822 sic
3145 4770 3337 4827 corda
3368 4776 3678 4834 tuorum.

364 4856 587 4913 Cedant
608 4854 858 4911 convicti
886 4853 1116 4909 comitis
1140 4854 1434 4926 probitate
1466 4857 1719 4914 Rodulfi.
2116 4856 2191 4909 Te
2222 4851 2392 4908 tellus
2417 4851 2661 4907 rutilum
2691 4854 2906 4909 meruit
2935 4855 3423 4916 Northmannica
3454 4862 3723 4923 lumen.

362 4944 476 5000 lllis
506 4943 851 5000 consulibus
878 4945 1182 4998 Romanus
1212 4942 1413 4999 calluit
1432 4944 1616 5015 orbis,
2119 4939 2409 5012 Splendor
2440 4939 2661 5012 ubique
2692 4940 3010 5014 micas,qui
3030 4944 3231 4999 cordis
3258 4945 3586 5021 lampade
3612 4955 3816 5023 fulges

361 5037 525 5090 Nunc
551 5033 992 5089 Northmannus
1018 5046 1170 5103 apex
1201 5033 1428 5088 RICARDI
1454 5034 1692 5089 culmen
1736 5036 2003 5105 honoris,
2113 5027 2492 5099 MChipatreS
2520 5028 2700 5099 prisci
2721 5029 2958 5101 pariter,
2991 5047 3409 5105 proceresque
3443 5043 3781 5107 model-ni,

358 5122 555 5178 Totius
582 5121 750 5191 regni
774 5120 979 5189 virtus,
1004 5120 1185 5174 decus
1216 5124 1394 5192 atque
1420 5127 1702 5193 potestas,
2116 5114 2330 5187 Scipio,
2363 5116 2821 5188 Pompeiusque,
2854 5120 2995 5174 Cato
3025 5119 3164 5191 quis
3196 5121 3403 5191 gloria
3436 5129 3709 5199 Romae,

357 5212 614 5270 Moribus
646 5215 703 5267 et
732 5210 953 5267 meritis
983 5213 1216 5265 mactus
1246 5213 1500 5266 Bonum:
1526 5212 1824 5284 benignis,
2112 5202 2491 5273 Magniﬁcum
2519 5204 2723 5272 decus,
2751 5205 3075 5278 imperium
3111 5208 3615 5292 dominansque
3667 5236 3815 5277 cow-

357 5301 715 5356 Ritribuente
744 5300 920 5369 viget,
954 5298 1136 5366 timet,
1170 5302 1348 5371 atque
1379 5301 1688 5373 superstite
1718 5304 1917 5375 pollet,
2130 5379 2143 5381 Α
2191 5378 2231 5381 _
2270 5376 2305 5381 __
2475 5379 2484 5381 _
2815 5380 2821 5381 γ
3618 5312 3819 5381 [scum

354 5386 705 5459 Praepollens
733 5388 1019 5458 gravitate
1048 5386 1232 5444 animi
1258 5387 1573 5462 cordisque
1602 5392 1882 5462 profundi

2115 5379 2159 5435 0
2191 5376 2353 5434 Felix
2390 5379 2648 5447 animus,
2674 5380 2881 5452 patrias
2911 5381 3017 5454 qui
3042 5384 3315 5441 consulis
3347 5397 3574 5465 actus,

357 5478 468 5532 Ore
494 5473 679 5528 salem
709 5474 907 5531 fundis
938 5475 1238 5548 tranquilli
1263 5477 1536 5549 pectoris,
1559 5479 1719 5535 almo
2437 5467 2628 5539 regni;
2658 5466 3131 5558 Ητωᾶωθηῑυω,
3164 5472 3369 5533 decus
3399 5486 3623 5558 atque

357 5565 427 5618 Ut
453 5560 593 5616 salis
622 5562 783 5617 unda
813 5563 998 5633 cibos,
1031 5564 1115 5620 sic
1146 5581 1356 5621 sensus
1389 5571 1444 5622 tu
1477 5584 1720 5640 quoque
1768 5572 1997 5629 condis.
2111 5555 2291 5625 cuius
2316 5571 2451 5628 qua?
2481 5561 2759 5613 οοηδῖθιηί
2782 5557 2935 5614 libro
2957 5559 3071 5615 hoc
3102 5565 3481 5639 conscripta
3500 5550 3763 5639 Crelatn.

354 5647 547 5705 Radix
577 5649 799 5703 consilii
820 5650 1060 5706 fecundi
1082 5656 1337 5709 nectaris
1366 5636 1536 5713 urna.
1621 5636 1644 5640 _

2305 5643 2335 5698 si
2362 5645 2667 5712 attonitus,
2697 5647 3005 5715 tremulus,
3038 5649 3255 5721 hebes,
3293 5636 3573 5731 anxius,

352 5734 543 5790 Vivax
570 5731 830 5803 ingenio,
860 5735 1015 5791 mitis
1043 5739 1314 5795 rutilante
1348 5741 1607 5815 loquela.
2222 5731 2325 5787 tibi
2354 5750 2626 5825 summus
2657 5737 2851 5791 honor
2868 5737 3093 5793 Chrism
3116 5716 3439 5810 regimine
3828 5716 3836 5781 ἶ

3826 5828 3832 5861 i

424 5888 545 5961 (16)
584 5887 675 5944 Sic
700 5890 864 5962 apud
885 5894 1010 5947 Enn
2108 5818 2353 5893 Vitaque
2384 5823 2456 5878 sit
2484 5840 2746 5896 praesens
2778 5841 2917 5881 cum
2947 5828 3171 5885 sanctis
3203 5836 3415 5908 atque
3454 5818 3718 5908 futura
3826 5828 3833 5962 ξ
