3874 6382
52 267 144 319 617

981 272 1069 324 DE
1098 271 1334 326 GESTlS
1367 270 1797 326 NORMANNIIE
1830 274 2067 332 DUCUM
2099 280 2279 334 LIBRI
2310 280 2507 334 TRES.

1071 422 1227 476 lTEM
1258 421 1351 474 ΑΙ)
1385 421 1761 477 ROBERTUM
1797 425 2424 485 ARCHIEPISCOPUM.

116 617 321 672 Praesul
349 618 668 690 praecipue,
703 623 880 690 atque
912 622 1269 688 venerande,

119 707 353 763 Culmen
384 707 776 776 magniticum
811 708 1220 778 ecclesiarum,

1728 591 1772 640 A

121 801 392 852 Summus
426 802 628 852 noster
655 798 868 867 honor,
899 805 1097 854 noster
1127 804 1183 854 et
1212 799 1383 869 altor,

120 889 373 958 [.uxque,
406 887 637 955 insigne
669 886 873 955 decus,
907 889 1089 956 digna
1113 888 1396 961 salusque

113 975 293 1030 Nostri
325 981 527 1030 sancte
555 975 796 1044 gradus,
832 977 1054 1030 ordinis
1085 982 1328 1033 auctor:

118 1067 253 1129 Quae
284 1065 513 1134 digesta
540 1082 695 1132 meo,
730 1065 987 1136 suscipe,
1018 1083 1216 1120 sensu.

121 1159 293 1212 Sacra
321 1160 493 1222 tange
527 1171 711 1208 manu
743 1172 876 1225 quae
909 1155 1031 1209 fero
1064 1172 1218 1226 supp

1223 1155 1338 1224 lex,

118 1248 463 1315 lntemptata
495 1242 628 1296 seiis
653 1245 671 1262 '
703 1243 1107 1311 grammaticae
1138 1243 1277 1298 artis
1304 1262 1315 1298 :

115 1336 198 1387 Ac
222 1333 432 1388 rimare
463 1332 668 1400 legens
696 1349 953 1403 quaeque
983 1337 1244 1403 peracta,

115 1425 253 1488 Quae
284 1439 392 1476 nos
419 1421 609 1476 dulcis
639 1437 828 1489 amor,
860 1438 1123 1493 curaque
1151 1438 1392 1477 summa

114 1513 294 1569 Patris
320 1511 625 1584 praecipui,
660 1515 715 1565 et
744 1510 953 1578 dulcis,
984 1511 1146 1577 almi,

114 1602 301 1671 Magni
331 1600 580 1668 Patricii,
605 1605 660 1655 et
686 1600 996 1655 reverendi

115 1689 342 1747 Ricardi
366 1689 615 1745 celebris
645 1688 774 1743 orbi
804 1688 1050 1744 labanti.

115 1784 341 1836 Aiterna
370 1778 583 1851 patria,
612 1777 744 1847 jure
770 1777 1052 1849 potentis,

115 1871 470 1939 Quanquam
503 1871 596 1920 sat
622 1865 896 1931 breviter,
932 1865 1187 1919 scribere

115 1958 226 2023 Qui
252 1957 511 2012 bonitate
539 1954 741 2010 cluens
772 1959 828 2009 et
856 1955 1092 2027 pietate,

118 2045 496 2119 Simplicitate
528 2043 733 2099 valens
755 2049 810 2100 et
834 2043 1150 2116 probitate,

117 2137 364 2205 Fulgens
390 2134 616 2206 judicio
637 2133 1006 2205 justitiaque,

115 2232 315 2295 Reguo
348 2223 716 2296 splendidior
746 2223 945 2280 ﬂoruit
967 2223 1101 2292 isto,

113 2316 303 2385 Magni
334 2313 611 2371 Clotharii
645 2318 909 2384 tempore
937 2312 1092 2381 regis

115 2404 501 2476 Hugonisque
530 2402 718 2468 ducis,
753 2406 960 2473 postea
985 2401 1139 2472 regis
1167 2420 1179 2457 :

1219 1865 1371 1921 fecit.

115 2495 292 2565 Cujus
319 2492 496 2549 corde
529 2507 734 2561 sagax,
767 2494 1085 2562 menteque
1116 2493 1380 2562 prudens

115 2587 416 2654 Expensas
445 2594 735 2644 memora,
763 2578 1058 2649 factaque,
1089 2579 1268 2636 dicta.

113 2676 282 2730 Recte
303 2686 424 2743 quo
449 2670 620 2724 valea
650 2667 1029 2740 aequiparari.

112 2761 296 2829 Digne
327 2756 619 2815 consimili
647 2757 775 2827 jam
804 2755 1068 2811 bonitate

111 2855 256 2906 Tam
279 2848 463 2917 digno
492 2845 713 2913 comiti,
746 2849 987 2916 tamque
1020 2843 1214 2898 celebr

1217 2845 1255 2912 ἱ,

109 2945 254 2997 Tam
280 2939 579 3010 justoque,
612 2936 796 3005 bono,
829 2939 1070 3005 tamque
1100 2934 1394 3001 modesto,

109 3035 255 3087 Tam
277 3034 502 3094 sancto,
534 3026 656 3099 pio,
689 3029 932 3096 tamque
959 3023 1211 3080 colendo

108 3122 270 3174 Juste
301 3132 423 3188 quo
456 3114 686 3182 fruitur,
719 3117 896 3184 atque
927 3112 1104 3183 potiri

1219 3069 1232 3093 ’

110 3208 179 3262 In
211 3210 427 3261 coetum
457 3219 743 3275 superum
775 3201 977 3272 ireque
1009 3201 1236 3267 dexter,

107 3305 316 3366 Agnus
349 3291 670 3350 candidulo
700 3291 910 3346 vellere
938 3290 1206 3362 pulcher,

104 3388 356 3442 Junctus
382 3381 659 3438 ccelicolis
688 3397 837 3454 pace
868 3379 1134 3452 perenni.

184 3471 547 3528 Pontiﬁcalis
578 3485 734 3542 apex
772 3473 827 3524 et
855 3468 1070 3537 honor,

107 3561 381 3621 Culmina
407 3559 712 3633 praecipuo
741 3557 1021 3623 renitens,

23 3749 264 3811 Praesul
293 3747 572 3817 amande,

24 3847 99 3900 Et
128 3836 456 3895 reverenda

24 3935 98 3988 Et
131 3925 474 3994 recolende,

21 4023 229 4090 Atque
262 4012 568 4070 tremende
594 4029 606 4079 ;

23 4111 276 4166 Onoma
306 4102 478 4171 cujus

20 4199 158 4252 Hoc
190 4206 435 4264 quoque
466 4192 724 4244 metrum

20 4291 162 4345 Non
192 4280 356 4351 capit
385 4293 666 4349 usquam,

19 4373 152 4434 Nisi
179 4368 498 4440 redempta

19 4464 252 4521 Littera
279 4456 435 4512 desit

19 4547 415 4610 Mirificarum

19 4633 480 4706 Prosapiarum.

19 4729 213 4786 Gesta
245 4727 487 4777 tuorum

19 4811 291 4882 Suscipe
322 4814 582 4881 patrum.

19 4901 250 4969 Patris,
280 4898 516 4970 avique,

19 4996 133 5053 Sat
163 4986 456 5044 bonitatis

19 5088 191 5141 Luce
223 5075 522 5140 micantis,

19 5177 57 5229 si
72 5181 204 5225 unc
235 5163 589 5236 proavique,

19 5267 164 5317 Iam
193 5250 594 5307 memorando

19 5353 178 5415 Quae
212 5341 383 5394 bona
411 5337 666 5409 quisque

19 5430 191 5495 Fecit
221 5428 287 5482 in
318 5425 482 5491 orbe,

19 5529 54 5582 ν
59 5525 160 5577 ita
192 5515 498 5582 superstes

20 5619 191 5671 gum
225 5598 519 5668 vegetavit

19 5690 266 5759 a‘omite
296 5703 485 5750 sacro,

335 5798 575 5853 PATROL.
626 5798 798 5853 CXLI.

1215 3747 1405 3815 Atque
1439 3744 1665 3800 salubri

1219 3830 1473 3887 Somatis
1504 3836 1686 3887 artus.

1219 3921 1484 3991 Namque
1509 3919 1775 3976 verenda

1218 4007 1614 4063 Ecclesiarum

1216 4095 1590 4152 Miriﬁcarum

1217 4185 1490 4241 Culmina
1518 4185 1748 4254 fulgent
1772 4203 1784 4240 :

1216 4275 1377 4338 Quas
1409 4278 1578 4344 pater
1607 4273 1752 4329 olim

1218 4363 1527 4420 Schemate
1555 4363 1808 4435 pulchro

1214 4451 1567 4508 Aidiﬁcavit.

1217 4541 1360 4606 Quis
1393 4540 1549 4596 valet
1575 4540 1703 4611 ejus

1218 4633 1442 4687 Cuncta
1475 4629 1672 4684 videre

1217 4721 1360 4784 Quae
1390 4719 1554 4774 bona
1584 4717 1740 4786 fecit,

1217 4807 1405 4864 Corde
1433 4806 1658 4876 sagaci,

1217 4898 1521 4968 Menteque
1552 4911 1705 4968 pura
1727 4895 1756 4949 ‘I

1217 4985 1419 5042 Martia
1439 5000 1622 5056 quem
1649 4999 1811 5039 nunc

1217 5073 1468 5129 Francia
1496 5073 1711 5145 plorat,

1218 5163 1286 5217 Et
1315 5161 1499 5231 gemit
1529 5160 1686 5228 Elus,

1218 5251 1277 5320 Ej
1288 5250 1411 5306 ulat
1432 5254 1611 5321 atque

1218 5342 1396 5396 Morte
1427 5339 1688 5408 lugubri,

1217 5432 1408 5499 Atque
1438 5428 1744 5496 merenda,

1221 5517 1464 5588 Heuque
1487 5516 1768 5574 dolenda.

1221 5607 1455 5662 Munere
1488 5607 1661 5677 cujus

1222 5697 1363 5761 Quae
1397 5694 1715 5769 locupleta,

1879 626 2072 684 Gloria
2111 629 2464 701 pontificum
2490 630 2718 697 merita,

1877 717 2085 771 Pastor
2115 719 2314 790 opime
2347 719 2541 787 gregis
2573 718 2842 789 Domine,

1874 805 2128 860 Paciﬁca
2158 807 2370 878 pietate
2406 807 2628 875 calens,
2694 850 2700 856 .

1879 893 2096 949 Officiis
2123 911 2407 964 generose
2433 897 2563 968 piis,

1866 981 2148 1037 Ecclesiae
2181 983 2425 1056 ordinis,
2459 989 2636 1056 atque
2669 985 2893 1056 gradus

1876 1070 2100 1138 Palma,
2129 1072 2451 1146 decusque,
2483 1074 2772 1146 fidesque,
2802 1075 2984 1146 salus,

1878 1160 2355 1234 Christicolasque
2387 1168 2567 1235 caput
2594 1163 2820 1236 populi,

1877 1250 2193 1318 Egregium
2224 1252 2511 1307 auxilium
2545 1252 2770 1324 patriae,

1874 1338 1971 1392 Vir
2001 1341 2358 1407 venerande,
2393 1358 2559 1396 sacer
2588 1341 2833 1412 meritis,

1875 1427 2145 1497 Belligeri
2172 1430 2392 1500 egregii
2423 1433 2651 1503 proavi,

1874 1518 2148 1589 Martyrio
2177 1519 2452 1575 micantis
2483 1522 2598 1590 avi,

1876 1607 2194 1663 Praeclulcis
2226 1610 2546 1682 eximiique
2578 1613 2781 1684 patris,

1875 1697 2118 1764 Ingenio
2147 1704 2406 1753 reserata
2432 1717 2583 1755 meo.

1873 1781 2169 1837 Thematis
2199 1783 2405 1838 ordine
2433 1785 2687 1855 prosaici

1879 1869 2207 1941 Stultilogo,
2243 1872 2598 1945 stolidoque,
2634 1874 2865 1945 hebete,

1878 1960 2086 2031 Inscia,
2120 1960 2321 2033 inepta
2351 1963 2626 2034 videquc,
2657 1981 2822 2037 cape.

1877 2050 2106 2105 Materie
2136 2050 2428 2107 ﬂuitanda
2460 2069 2593 2120 sua,

1879 2137 2104 2208 Dulcia,
2137 2139 2444 2207 munifica,
2479 2146 2535 2196 et
2566 2142 2824 2214 stupida,

1880 2228 2140 2297 Famine,
2175 2229 2435 2285 veridico
2467 2231 2752 2303 alloquio,

1879 2320 2050 2374 Gesta
2077 2319 2304 2389 legens,
2334 2321 2681 2392 replicando
2713 2323 2837 2390 diu,

1879 2407 2018 2470 Quae
2047 2405 2210 2462 bona
2236 2409 2537 2479 repperies
2567 2426 2860 2467 memora.

1879 2495 2068 2562 Fruge
2101 2494 2406 2550 salutifera
2437 2501 2707 2563 segetum

1878 2583 2054 2636 Pasce
2084 2583 2476 2653 animumque
2508 2588 2698 2652 tuum,
2728 2585 2820 2640 his
2846 2587 3038 2659 epulis

1874 2667 2110 2723 Talibus
2139 2668 2361 2724 instrue
2389 2685 2609 2741 corque
2644 2675 2833 2739 tuum,

1874 2757 2115 2812 Actibus
2147 2758 2470 2830 aequiparis
2503 2758 2699 2814 valeas

1878 2851 2120 2906 Currere
2151 2865 2290 2904 cum
2318 2849 2546 2905 seniore
2576 2852 2721 2917 viro,

1877 2942 2024 2996 Cum
2055 2943 2244 3010 patre,
2277 2955 2415 2994 cum
2446 2940 2708 3009 genitore
2740 2958 2934 3000 sacro.

1877 3027 2092 3096 Gloria,
2123 3026 2265 3099 vita,
2297 3027 2481 3097 salus,
2514 3029 2804 3100 probitas,

1879 3117 2107 3189 Sospite
2137 3131 2407 3189 corpore,
2439 3117 2586 3190 quin
2619 3119 2823 3176 animo

1879 3207 2080 3273 Longa
2109 3220 2215 3276 per
2245 3205 2633 3261 innumerum
2667 3207 2771 3263 tibi
2802 3208 2892 3264 sit.

1876 3294 2135 3365 Postque
2166 3294 2328 3348 necis
2354 3294 2608 3364 lugubre
2641 3297 2941 3355 excidium

1878 3381 2053 3437 Elisia
2083 3381 2268 3452 patris
2300 3383 2503 3452 vigeas

1875 3469 2239 3541 Participans
2269 3475 2555 3522 ΘΗΩΘΗΝ
2583 3478 3015 3526 ΩΥΡΑΝΥΚΑΜ.

2400 3745 2469 3800 Se
2503 3743 2896 3801 exhilaranda

2399 3832 2779 3890 Laetiﬁcabat.

2394 3927 2441 3977 A
2472 3939 2616 3979 nece
2641 3924 2813 3995 cujus

2397 4011 2555 4068 Ordo
2587 4029 2896 4070 sacrarum

2397 4100 2815 4171 Ecclesiarum,

2396 4191 2539 4254 Quae
2564 4192 2890 4260 refovebat,

2396 4278 2695 4334 Multimod
2705 4295 2879 4336 arum

2397 4368 2822 4435 Congerierum

2395 4456 2630 4509 Munere
2662 4471 2854 4522 sacro,

2394 4541 2623 4598 Fomite
2651 4547 2878 4610 sancto,

2397 4628 2844 4701 Colloquioque.

2394 4716 2591 4773 Tristis
2620 4717 2893 4784 habetur,

2398 4806 2550 4872 Quin
2577 4806 2897 4861 viduarum

2395 4896 2591 4952 Turba
2619 4901 2969 4967 vagantum,

2398 4985 2565 5046 Exul,
2597 4985 2913 5056 inopsque,

2398 5073 2822 5143 Esuriensque,

2399 5163 2509 5228 Qui
2540 5161 2686 5230 sitis,
2719 5165 2898 5234 atque

2399 5255 2549 5307 Luce
2575 5249 2812 5322 privati,

2398 5338 2796 5410 Consilioque,

2400 5429 2685 5498 Vesteque
2711 5425 2859 5481 nudi

2401 5516 2636 5585 Frigore
2668 5515 2877 5585 pressi,

2405 5609 2468 5660 Et
2498 5605 2593 5660 lue
2620 5603 2799 5677 pleni,

2407 5695 2576 5751 Dives
2604 5694 2664 5750 in
2690 5697 2856 5753 omni

3125 5811 3189 5858 2H

3357 282 3459 337 618
