3968 6390
390 289 493 342 610

392 412 460 465 Et
481 401 852 477 locupletum

388 494 587 553 Turba
616 492 920 548 bonorum

389 588 580 656 Atque
606 579 929 643 malorum,

390 667 749 730 Pontiﬁcalis

392 760 642 817 Culmen
666 751 939 820 honoris,

391 853 534 919 Rex,
565 854 986 920 proceresque,

392 941 650 1000 Graecus,
684 935 742 988 et
770 928 973 995 lndus,

392 1024 605 1091 Frisso,
634 1018 913 1089 Britoque

392 1117 609 1178 Dacus,
641 1112 699 1164 et
725 1104 977 1175 Anglus,

394 1204 623 1264 Scotus,
659 1193 877 1250 Hibern
887 1208 976 1260 us,

394 1288 594 1347 Clerus
622 1282 793 1339 herili

394 1379 560 1435 Sorte
586 1373 839 1435 dicatus,

393 1465 552 1524 Ordo
581 1458 906 1520 verendus,

391 1553 641 1612 Pulcher
676 1553 857 1619 Eous,

393 1641 834 1711 Occiduusque,

1583 388 1762 456 Flevit
1790 401 2017 455 amare,

1550 475 1800 534 rPreesul
1829 474 2052 547 opime,

1578 658 1769 727 Atque
1799 667 2094 708 cacumen

1578 830 2003 900 Progenierum

1583 919 1745 975 Altus
1776 933 2071 989 amorque

1576 1006 1961 1074 Pontificalis,

1576 1100 1743 1153 Nunc
1773 1095 2005 1151 imitare
2030 1112 2042 1149 :

1577 1188 1644 1241 Et
1671 1200 1847 1257 prece
1876 1198 2091 1256 prona,

1577 1274 1767 1332 Corde
1793 1273 2065 1342 subacto,

1576 1366 1887 1435 Menteque
1916 1376 2092 1434 pura,

1579 1451 1811 1507 Viribus
1836 1450 2033 1519 almis,

1580 1538 1835 1597 Sedulus
1863 1554 2007 1595 ora:

1578 1630 1708 1694 Quo
1736 1628 2094 1701 requiescat,

1576 1720 1727 1774 Pace
1754 1716 2029 1783 fruendo,

392 1736 583 1804 Atque
615 1723 921 1785 Sicamber

1577 1801 1699 1852 Axe
1731 1812 2014 1869 superno,

392 1818 664 1889 Belliger,
696 1828 854 1876 acer,

1389 264 1698 327 DUDONIS
1723 263 1981 325 DECANI
2014 260 2070 317 S.
2098 260 2408 326 QUINTINI
2440 260 2825 321 VIROMAND.

1581 566 1849 633 Culmen,
1876 578 2174 635 apexque,

1579 745 1705 798 Lux
1735 740 2114 813 generisque,

3735 263 3844 315 620

2761 388 2967 453 Agnus
2999 386 3214 456 eatque

2763 476 2995 543 Dexter,
3023 472 3288 539 ovando,

2764 561 2998 617 Velleris
3029 561 3172 633 albi,

2760 652 2844 706 Tu
2872 665 3117 723 quoque
3147 652 3364 705 cuncto

2759 741 3048 811 Tempore
3074 738 3260 794 salva.

2763 829 2966 897 Longa
2997 844 3104 899 per
3134 842 3349 896 annos,

2758 915 3232 989 Innumerosque

2760 1004 2887 1061 Vita
2918 1004 3021 1060 tibi
3054 1006 3145 1061 sit.

2764 1093 2991 1166 Sospite
3024 1110 3195 1149 sacro

2765 1184 3002 1239 Somate
3035 1198 3275 1255 semper
3298 1199 3311 1239 :

2762 1273 3022 1344 Postque
3054 1271 3334 1342 lugubre,

2762 1360 3264 1433 Mortiferumque.

2764 1448 2980 1506 Flebile
3008 1450 3340 1519 damnum;

2760 1540 2909 1595 Pace
2940 1539 3159 1596 fruaris

2763 1628 2912 1685 Sede
2937 1629 3208 1702 perenni.

392 1938 435 1993 Ο
462 1934 685 1991 trinum
712 1926 1037 2002 specimen,
1069 1919 1181 1977 tria
1206 1931 1409 1973 summ
1428 1916 1466 1984 ",
1500 1912 1664 1983 virgo
1696 1915 1850 1968 Deus
1874 1928 2053 1971 unus.
2089 1914 2135 1969 A
2165 1912 2308 1977 Quae
2341 1910 2468 1967 tulit
2495 1911 2761 1970 Alstemo
2785 1914 2939 1970 duce
2969 1914 3279 1973 barbaries
3313 1914 3558 1983 furiosa,

468 2020 811 2080 Przecellens
840 2027 1069 2072 numen
1098 2009 1425 2065 aethereum
1452 2002 1753 2061 columen.

395 2115 725 2170 Causarum
755 2106 960 2170 decus,
994 2104 1049 2156 et
1079 2096 1282 2163 series,
1316 2090 1639 2151 concordia
1670 2088 1902 2155 mundi,

469 2206 652 2257 Exors
676 2192 950 2271 principii
984 2195 1041 2246 et
1071 2188 1196 2244 sine
1230 2186 1350 2241 line
1381 2197 1654 2238 manens.

400 2266 694 2361 Nn’i‘une
722 2289 957 2338 ΑΩΙὪΣ.
992 2276 1203 2335 mundi
1229 2274 1399 2340 altor,
1429 2276 1486 2327 et
1516 2274 1681 2326 actor
1709 2266 1973 2324 enormis

478 2360 652 2436 Orbis
681 2371 991 2439 terrestris,
1022 2368 1159 2424 idea
1189 2360 1484 2433 stelligeri.

399 2473 542 2526 Vota
556 2481 807 2541 precum
822 2460 1097 2534 aspirans
1109 2452 1321 2512 humili
1351 2464 1525 2525 prece
1543 2463 1731 2521 posco
1766 2462 2060 2513 mearum,

473 2536 602 2625 Quo
632 2556 836 2611 faveas
866 2547 1074 2622 emptis
1102 2541 1338 2609 inscitia
1365 2536 1653 2595 tremulis.

396 2624 574 2705 Actus
603 2649 661 2702 et
683 2658 859 2700 casus
888 2652 1111 2704 rerum,
1143 2627 1491 2693 infortunia,
1530 2624 1777 2683 strictim

468 2735 737 2795 Pandam
766 2732 816 2787 si
844 2732 1053 2803 potero
1084 2723 1344 2784 themate
1372 2716 1667 2791 prosaico,

2248 2004 2313 2056 Et
2342 2017 2477 2073 quae
2509 2002 2751 2059 Rollone
2784 2002 3044 2077 denique
3077 2003 3440 2061 Christicola.

2173 2090 2434 2155 Qualiter
2461 2095 2518 2147 et
2543 2091 2778 2147 soboles
2809 2092 2937 2162 ejus
2969 2091 3314 2148 Guillelmus
3345 2093 3407 2148 in
3433 2092 3597 2149 omni

2244 2181 2397 2248 Lege
2428 2184 2701 2235 serenato
2728 2180 2952 2253 profuit
2977 2180 3230 2255 imperio

2173 2267 2329 2333 Quin
2358 2272 2415 2323 et
2444 2268 2676 2324 Ricardi
2706 2267 2916 2324 merito
2950 2286 3132 2343 super
3163 2270 3384 2325 aethera
3413 2269 3558 2343 noti,

2242 2356 2475 2413 Patricii
2508 2357 2752 2423 summi,
2787 2358 3272 2432 Christicolmque
3304 2358 3405 2433 pii.

2171 2449 2348 2503 Terra
2378 2446 2541 2502 ferax
2565 2446 2773 2523 populi
2804 2448 3157 2504 Nortmanni
3180 2448 3314 2520 jure
3343 2448 3568 2521 quievit

2244 2536 2429 2592 Annis
2459 2535 2798 2606 fructiferis,
2831 2541 3099 2611 tempore
3125 2538 3380 2609 pacifico
3406 2557 3418 2607 ;

2172 2626 2247 2679 Te
2277 2628 2618 2697 praestante,
2653 2628 2825 2697 Deus,
2849 2626 2953 2700 qui
2986 2642 3193 2682 cernes
3223 2626 3430 2683 omnia
3457 2625 3621 2684 salus

2246 2716 2499 2783 Regnas,
2533 2718 2590 2770 et
2618 2714 2786 2783 vivis,
2821 2719 2879 2771 et
2908 2714 3033 2772 sine
3059 2715 3179 2771 ﬁne
3207 2732 3440 2775 manes.

409 2916 3829 2954 _—_—___————————'———_————'——————"———

1591 3060 2034 3199 LIBER
2140 3061 2677 3182 PRIMUS

1865 3327 2394 3401 HASTINGUS

470 3676 667 3735 Totius
692 3685 958 3744 namque
986 3664 1162 3724 molis
1182 3663 1328 3720 orbe
1356 3658 1679 3730 descripto,
1713 3653 2065 3724 ambituque

398 3773 455 3825 et
502 3763 817 3840 superﬁcie
866 3765 1035 3817 terrm
1091 3753 1386 3826 sagaciter
1433 3762 1774 3823 permenso,
1819 3758 2065 3799 omnem

398 3834 619 3915 terram
649 3854 940 3926 perpetuo
971 3844 1191 3904 Oceani
1233 3841 1423 3899 limbo
1454 3836 1720 3926 undique
1753 3850 1927 3926 secus
1959 3834 2066 3926 cir-

2176 3653 2454 3725 copiosus
2500 3653 2711 3724 Daciae,
2764 3658 2943 3727 atque
2991 3659 3227 3711 meatus
3255 3655 3513 3712 multum
3560 3656 3852 3729 profusus

2176 3743 2370 3800 Getice.
2401 3745 2667 3809 Quarum
2713 3744 2892 3801 Dacia
2930 3748 3122 3800 exstat
3172 3745 3561 3813 medioxima,
3590 3745 3651 3802 in
3715 3763 3851 3804 Πιθο-

2173 3832 2321 3891 dum
2352 3849 2611 3901 coronae,
2643 3834 2949 3906 instarque
2980 3833 3254 3901 civitatis,
3288 3835 3650 3907 praemagnis
3683 3836 3850 3909 Alpi.

398 3921 795 4016 cumscptam,
830 3938 1087 3994 zethereo
1119 3927 1536 4006 quadripartiti
1556 3925 1689 3982 coeli
1718 3923 1960 3979 cardine

2280 3941 2289 3977 ι
2316 3923 2602 3980 emunita.
2619 3926 2780 3990 Quos
2798 3927 3085 3996 portentae
3106 3924 3412 3980 anfractus
3433 3924 3847 3997 amplitudinis

396 4009 633 4093 tellectu
687 4023 1119 4097 cosmographi
1165 4019 1444 4087 dimensi,
1476 4033 1538 4072 1n
1568 4022 1683 4072 tres
1731 4017 1930 4086 partes
1980 4009 2067 4065 di-

396 4124 684 4191 viserunt,
726 4117 948 4184 Asiam,
988 4117 1308 4183 Europam,
1346 4106 1740 4181 Africamque
1788 4106 2068 4173 reputan-

397 4222 503 4273 tes.
538 4189 804 4279 Quarum
837 4209 1075 4276 Europa
1103 4215 1293 4273 quam
1330 4195 1604 4270 plurimis
1633 4192 1956 4252 ﬂuminum
1987 4189 2068 4245 al-

394 4304 519 4361 veis
548 4298 913 4361 interrivata,
942 4290 1241 4361 variisque
1273 4284 1594 4359 provinciis
1646 4280 2061 4345 denominata,

394 4391 649 4448 termino
720 4381 1135 4456 diremptionis
1212 4377 1498 4434 limitatur
1555 4372 1778 4446 patriis.
1839 4371 2065 4426 Harum

391 4480 677 4555 quaedam
709 4470 1174 4550 spatiossissima
1193 4465 1504 4539 multiplici
1532 4459 2066 4519 innumerabilium

390 4553 709 4628 hominum
734 4561 1069 4638 frequentia
1084 4564 1435 4615 caeterarum
1458 4553 1894 4627 copiosissima,
1912 4565 2066 4605 nun-

392 4663 647 4734 cupatur
678 4637 1013 4713 Germania.
1046 4655 1109 4706 In
1133 4664 1259 4722 qua
1288 4650 1433 4703 lster
1456 4643 1672 4700 ﬂuvius
1698 4642 1773 4697 de
1804 4637 2065 4696 cacumi-

391 4730 485 4807 nev
500 4748 719 4805 montis
747 4746 1017 4801 Hatnoen
1049 4738 1280 4811 [Atnoe]
1306 4740 1493 4801 ortus,
1516 4734 1578 4789 in
1606 4730 1920 4801 sexaginta
1940 4745 2067 4783 om-

390 4840 570 4895 nibus
591 4837 1019 4906 augmentatus
1036 4826 1428 4902 profusius,et
1448 4838 1485 4879 a
1503 4820 1750 4877 meridie
1777 4819 1855 4875 ad
1878 4817 2067 4874 orien-

390 4933 511 4985 tem
555 4941 767 4981 means
805 4918 1200 4994 procellosus,
1233 4910 1618 4970 Germaniam
1659 4913 1715 4964 et
1761 4906 2066 4979 Scythiam

389 5033 582 5090 usque
610 5032 706 5083 eo,
737 5028 859 5085 quo
892 5013 1079 5082 ponto
1114 5003 1415 5076 recipitur,
1465 4999 1930 5067 discriminatus,
1962 5012 2064 5051 vo-

389 5086 602 5164 citatur
636 5101 960 5161 Danubius.
995 5103 1059 5153 in
1087 5095 1334 5168 copiosa
1354 5091 1531 5162 igitur
1561 5086 2002 5160 intercapedine
2030 5102 2066 5140 a

268 5209 283 5219 '
385 5194 664 5251 Danubio
696 5192 775 5248 ad
817 5187 1075 5262 Scythici
1124 5199 1316 5256 usque
1348 5180 1513 5253 ponti
1568 5178 1918 5244 conﬁnium,
1950 5176 2063 5231 dif-

389 5285 539 5340 fusae
583 5282 1033 5336 commorantur
1060 5275 1197 5331 ferte
1242 5275 1447 5343 gentes
1495 5273 1551 5325 et
1600 5268 1899 5336 barbarae,
1927 5283 2063 5340 quae

390 5388 466 5428 ex
509 5373 703 5425 Canza
749 5364 1041 5436 [Scanzia]
1072 5362 1273 5419 insula
1318 5362 1554 5416 Oceano
1593 5357 1733 5413 hinc
1766 5356 1906 5412 inde
1950 5356 2062 5412 cir-

391 5459 729 5525 cumsepta,
760 5453 921 5508 velut
975 5466 1229 5507 examen
1278 5466 1465 5522 apum
1516 5465 1588 5504 ex
1637 5447 1919 5514 canistro,
1955 5462 2063 5502 seu

392 5546 633 5619 gladius
665 5559 696 5596 e
739 5541 979 5608 vagina,
1012 5541 1351 5596 diversitate
1395 5538 1754 5595 multimoda
1783 5537 2064 5593 dicuntur

2173 4010 2435 4068 furentes
2476 4012 2745 4068 incolunt
2787 4011 3016 4085 populi,
3044 4018 3455 4084 praemonente
3508 4016 3687 4071 Marte
3717 4015 3847 4072 bel-

2173 4101 2365 4172 licosi,
2389 4102 2611 4158 scilicet
2639 4104 2815 4171 Getae,
2833 4101 2936 4174 qui
2969 4105 3026 4157 et
3057 4101 3247 4172 Gothi,
3270 4104 3557 4160 Sarmatas
3587 4108 3646 4160 et
3663 4109 3849 4161 Ama.-

2172 4191 2360 4256 xobii,
2395 4190 2725 4261 Tragoditze
2752 4194 2808 4246 et
2840 4189 3011 4245 Alani
3038 4207 3051 4257 ;
3083 4190 3672 4264 quamplurimaique
3709 4206 3851 4262 gen,

2175 4283 2262 4336 tes
2293 4279 2643 4336 Meotidibus
2685 4277 2967 4350 paludius
3001 4277 3331 4334 excolendo
3377 4285 3848 4339 commorantes.

2175 4371 2276 4425 Ηεθ
2333 4385 2600 4442 namque
2649 4372 2854 4439 gentes
2886 4367 3177 4440 petulanti
3204 4369 3463 4425 nimium
3492 4369 3637 4425 luxu
3674 4387 3848 4427 exar-

2173 4460 2508 4527 descentes,
2558 4457 2933 4529 feminasque
3000 4458 3487 4530 quamplurimas
3557 4449 3853 4530 singulari

2176 4547 2541 4621 turpitudine
2593 4551 2932 4620 stuprantes
2989 4546 3464 4618 commiscendo,
3517 4548 3679 4605 illine
3745 4566 3847 4606 so-

2172 4637 2342 4693 boles
2394 4636 2744 4693 innumeras
2799 4634 3063 4691 obscena
3113 4634 3296 4691 illiciti
3342 4637 3629 4693 connubii
3677 4654 3849 4694 com-

2173 4726 2452 4782 mistione
2480 4723 2779 4797 patrando
2828 4726 3133 4793 generant.
3165 4722 3252 4792 Hi,
3286 4728 3611 4797 postquam
3642 4725 3850 4783 adole-

2174 4816 2385 4885 verint,
2420 4831 2621 4871 rerum
2672 4829 2783 4886 pro
2824 4811 3316 4885 possessionibus
3368 4819 3577 4871 contra
3619 4819 3846 4887 patres,

2174 4920 2459 4978 avosque,
2487 4908 2591 4961 aut
2640 4902 2860 4976 saepius
2893 4902 3047 4957 inter
3077 4917 3139 4957 se
3191 4901 3464 4959 ferociter
3518 4903 3846 4975 objurgati,

2174 4993 2395 5051 fuerint
2420 4992 2839 5052 exuberantes,
2895 4995 3075 5062 atque
3106 4993 3324 5045 terram
3353 5006 3544 5061 quam
3574 4991 3854 5049 incolunt

2173 5085 2445 5141 habitare
2472 5100 2595 5139 non
2645 5080 3027 5147 sufﬁcientes,
3060 5077 3306 5134 collecta
3332 5082 3489 5134 sorte
3519 5079 3855 5137 multitudi-

2172 5192 2249 5234 ne
2274 5173 2759 5249 pubescentium,
2789 5169 3104 5226 veterrimo
3147 5167 3262 5223 ritu
3289 5167 3352 5223 in
3381 5172 3627 5225 externa
3655 5185 3852 5239 regna

2173 5265 2571 5322 extruduntur
2588 5261 2923 5329 nationum,
2948 5261 3011 5313 ut
3029 5255 3347 5329 acquirant
3366 5256 3482 5313 sibi
3510 5257 3850 5330 proeliando

2171 5371 2380 5426 regna,
2439 5352 2661 5426 quibus
2732 5350 2922 5405 vivere
2977 5347 3213 5420 possint
3275 5362 3428 5420 pace
3498 5351 3844 5421 perpetua:

2171 5443 2694 5519 quemadmodum
2741 5440 3006 5495 fecerunt
3060 5439 3232 5505 Getae,
3262 5436 3369 5510 qui
3417 5441 3476 5493 et
3527 5437 3717 5507 Gothi,
3752 5442 3846 5495 to-

2170 5539 2294 5592 tam
2327 5550 2477 5606 pene
2505 5535 2806 5603 Europam
2836 5542 3029 5599 usque
3060 5543 3130 5581 eo
3160 5527 3473 5598 quomodo
3503 5532 3840 5597 morantur,

390 5616 739 5710 prosiluisse
763 5628 1193 5683 consuetudine
1218 5629 1550 5684 harbarica.
1570 5632 1665 5683 Est
1686 5643 1949 5699 namque
1971 5625 2054 5680 ibi
2163 5622 2531 5697 depopulati.
2564 5624 2855 5677 Caeterum
2892 5617 2952 5671 in
2999 5616 3331 5688 expletione
3359 5632 3607 5672 suarum
3636 5616 3845 5688 expul-

392 5704 631 5781 tractus‘
663 5734 849 5789 quam
880 5714 1174 5788 plurimus
1216 5717 1462 5784 Alaniee,
1498 5718 1767 5789 situsque
1797 5715 2053 5771 nimium
2165 5714 2405 5770 sianum
2461 5713 2645 5781 atque
2708 5706 2997 5773 exituum,
3055 5704 3479 5762 sacriﬁcabant
3535 5704 3681 5761 olim
3737 5721 3843 5762 ve-
