3968 6360
117 256 214 308 621

659 256 748 308 DE
789 255 1029 310 GESTIS
1069 256 1498 312 NORllANNLE
1539 256 1696 310 DUCI

1969 254 2001 307 tl
2038 255 2233 311 TRES.
2259 285 2326 296 -
2359 256 2490 314 LIB.
2528 259 2568 312 Ι.
2605 257 3013 313 HASTINGUS.

3447 263 3546 315 62!

114 381 399 434 nerantes
430 377 586 433 Thur
617 379 805 433 Deum
837 396 1033 434 suum.
1078 380 1182 435 Cui
1218 397 1339 435 non
1395 379 1640 452 aliquod
1677 394 1777 451 pe-
1822 388 1866 440 Α
1897 377 2107 432 tristes.
2143 379 2452 436 Mulctatur
2491 381 2703 451 clerus,
2761 381 2987 438 crudeli
3043 384 3235 437 morte
3286 382 3552 454 punitus.

114 466 363 532 cudum,
395 483 594 538 neque
622 484 930 539 pecorum,
967 486 1073 523 nec
1105 470 1296 524 Liberi
1314 472 1515 535 Patris,
1545 485 1668 524 non
1688 473 1787 524 tle—

113 555 263 610 reris
300 555 538 611 litantes
572 556 826 626 donum,
868 559 970 612 sed
1025 560 1384 626 sanguinem
1445 559 1790 614 mactabant

114 645 458 715 hominum,
488 645 982 702 holocaustorum
1016 649 1289 703 omnium
1323 655 1598 721 putantes
1654 663 1785 719 pre-

115 734 511 790 tiosissimum
540 754 552 802 ;
586 752 657 790 eo
686 736 873 808 quod,
909 739 1213 793 sacerdote
1251 739 1528 806 sortilego
1558 737 1788 815 prinde-

115 823 396 894 stinante,
420 824 569 894 juga
601 825 788 880 boum
863 843 983 881 una
1007 828 1132 881 vice
1161 827 1362 883 diriter
1391 828 1700 883 icebantur
1729 826 1788 880 in

113 913 334 984 capite,
372 914 698 986 collisoque
733 916 1056 988 unicuique
1117 917 1404 985 singulari
1457 918 1575 971 ictu
1634 922 1788 971 sorte

115 1002 305 1058 electo
333 1003 601 1073 cerebro,
630 1006 1005 1059 sternebatur
1033 1006 1091 1060 in
1125 1007 1351 1073 tellure,
1405 1006 1790 1079 perquireba-

118 1096 336 1163 turque
374 1091 683 1148 levorsum
709 1093 862 1149 fibra
891 1095 1107 1163 cordis,
1143 1096 1361 1151 scilicet
1387 1112 1562 1164 vena,
1619 1096 1790 1164 cujus

115 1182 410 1237 exhausto
439 1183 732 1249 sanguine
762 1200 834 1238 ex
866 1201 1032 1238 more
1066 1202 1197 1254 suo,
1233 1203 1603 1257 suorumque
1632 1185 1791 1256 capi-

121 1275 177 1324 ta
207 1270 499 1340 linientes,
568 1271 873 1327 librabant
918 1274 1181 1328 celeriter
1234 1276 1478 1329 navium
1533 1275 1790 1329 carbasa

119 1358 310 1414 ventis
337 1359 589 1431 illosque
619 1360 716 1415 tali
743 1363 981 1430 negotio
1006 1368 1283 1433 putantes
1317 1363 1574 1434 placare,
1628 1362 1788 1416 velo-

118 1447 262 1502 citer
288 1448 531 1503 navium
562 1449 956 1517 insurgebant
993 1453 1192 1506 remis.
1249 1452 1348 1507 Sin
1409 1467 1545 1506 vero
1575 1450 1791 1520 majori

117 1542 274 1591 sorte
306 1537 534 1608 equites
569 1540 794 1607 egressi
849 1546 1064 1602 essent,
1128 1540 1426 1594 mavortia
1481 1539 1793 1608 erigebant

117 1625 334 1680 vexilla
359 1625 566 1696 praelii.
612 1628 821 1698 Sicque
855 1629 977 1682 suis
1007 1645 1041 1682 a
1087 1629 1308 1683 finibus
1334 1629 1656 1694 elabentes,
1713 1632 1793 1682 te-

115 1714 824 1771 nebantintentionemin
850 1718 1115 1784 gentium
1142 1718 1506 1774 mortiferam
1535 1733 1789 1773 concus-

116 1803 376 1859 sionem.
403 1803 690 1860 Exsulant
720 1806 944 1877 quippe
978 1823 1014 1861 a
1062 1808 1361 1878 patribus,
1421 1812 1486 1862 ut
1546 1807 1794 1861 arietent

123 1891 371 1947 viriliter
396 1909 534 1947 cum
564 1893 830 1962 regibus.
867 1895 1248 1950 Dimittuntur
1296 1913 1331 1950 a
1386 1896 1508 1950 suis
1556 1895 1790 1966 inopes,

117 1986 184 2036 ut
215 1986 559 2037 mercentur
582 2000 653 2037 ex
675 1983 967 2038 extraneis
998 1985 1529 2056 dapes.Privantur
1544 2000 1793 2038 suorum

113 2069 344 2137 fundis,
378 2076 440 2126 ut
463 2071 734 2126 locentur
763 2073 960 2143 quiete
989 2074 1215 2128 alienis.
1272 2074 1576 2128 Pelluntur
1601 2078 1790 2127 extor-

113 2176 235 2228 res,
267 2165 333 2216 ut
362 2161 703 2215 fenerentur
733 2162 1093 2232 prreliantes.
1128 2163 1472 2217 Truduntur
1499 2179 1533 2217 a
1579 2163 1701 2216 suis
1726 2166 1792 2216 ut

114 2249 477 2322 participant
506 2266 646 2304 cum
677 2250 1044 2319 alienigenis.
1083 2253 1482 2319 Segregantur
1540 2267 1649 2305 sua
1681 2266 1789 2305 na—

116 2339 300 2403 tione,
343 2343 408 2394 ut
439 2338 811 2408 gratulentur
840 2344 1182 2394 exterorum
1216 2342 1619 2410 possessione.
1657 2341 1787 2394 Lin-

115 2433 441 2499 quuntura
467 2428 760 2499 patribus,
786 2429 989 2483 forsan
1046 2445 1165 2484 non
1227 2430 1468 2483 videndi
1513 2445 1549 2484 a
1589 2429 1788 2484 matri-

116 2515 252 2570 bus.
289 2515 540 2584 Erigitur
571 2517 860 2587 asperitas
884 2518 1198 2587 juvenum,
1242 2517 1302 2572 in
1335 2517 1786 2572 demolitionem

116 2605 408 2673 gentium.
447 2605 754 2660 Liberatur
811 2606 1003 2677 patria
1036 2607 1156 2660 suis
1216 2607 1424 2660 incolis
1476 2608 1781 2662 defamata.

115 2695 352 2750 Caetera:
375 2695 698 2750 condolent
724 2695 1069 2768 provinciae,
1098 2695 1360 2768 plurimo
1377 2698 1545 2750 hoste
1578 2695 1786 2766 nequi-

115 2789 203 2841 ter
252 2785 547 2840 toxicataa.
608 2785 701 2841 Sic
750 2786 1199 2857 depopulantur
1227 2791 1443 2840 cuncta
1490 2802 1625 2856 quae
1674 2785 1786 2840 sibi

117 2880 256 2930 sunt
279 2875 603 2930 obstantia.
634 2875 928 2944 Navigant
976 2891 1161 2947 prope
1214 2876 1396 2932 maris
1452 2875 1666 2945 littora,
1721 2879 1788 2930 ut

116 2962 422 3018 vindicent
451 2963 564 3017 sibi
594 2967 889 3019 terrarum
919 2964 1129 3035 spolia.
1163 2968 1288 3020 Uno
1315 2981 1501 3033 regno
1533 2982 1668 3036 quae
1701 2979 1787 3018 ra-

117 3053 308 3122 piunt,
341 3052 402 3106 in
436 3053 598 3108 aliud
631 3053 957 3108 deducunt.
1013 3058 1218 3109 Petunt
1272 3059 1578 3125 sequestra
1638 3069 1782 3125 pace

115 3148 345 3215 portus,
376 3160 561 3198 causa
585 3145 904 3198 mutuandi
931 3149 1170 3214 raptum
1205 3145 1393 3200 fenus.

189 3233 375 3302 Igitur
397 3233 536 3289 Daci
566 3240 1010 3304 nuncupantur
1041 3250 1075 3288 a
1104 3252 1212 3288 sus
1248 3235 1455 3304 Danai,
1493 3234 1582 3288 vel
1617 3233 1781 3298 Dani,

116 3322 568 3394 glorianturque
603 3339 663 3376 se
687 3340 759 3377 ex
786 3326 1084 3377 Antenore
1106 3325 1451 3394 progenitos
1479 3342 1490 3386 ;
1525 3323 1627 3394 qui
1650 3339 1785 3394 qua:

112 3411 300 3480 Trojae
333 3409 576 3465 fuerunt
619 3411 1019 3482 depopulatis,
1061 3411 1274 3465 mediis
1327 3412 1568 3482 elapsus
1623 3409 1788 3464 Achi-

115 3500 224 3568 vis,
259 3498 522 3570 Illyricos
555 3500 705 3553 fines
737 3506 945 3571 penetr
969 3501 1070 3555 ivit
1100 3517 1237 3554 cum
1271 3501 1410 3555 suis.
1436 3500 1499 3555 Hi
1523 3515 1786 3570 namque

116 3587 256 3644 Daci
282 3589 469 3644 relato
492 3589 607 3644 ritu
636 3589 779 3643 olim
809 3606 844 3644 a
873 3589 995 3643 suis
1028 3589 1279 3661 expulsi,
1311 3605 1432 3660 qua
1466 3605 1605 3643 suos
1633 3593 1786 3644 trac-

117 3683 210 3732 tus
246 3678 492 3733 Francia
523 3683 802 3749 protense
826 3679 1118 3750 expargit,
1153 3695 1292 3732 cum
1323 3680 1474 3732 duce
1495 3677 1786 3732 Anstinuo

118 3770 248 3837 ἱραί.⁷
279 3767 588 3838 Hastingo]
622 3768 890 3822 ferociter
917 3768 1175 3839 appulsi.

116 3857 220 3912 Hic
249 3872 420 3911 sacer
443 3861 624 3928 atque
652 3856 816 3911 ferox
845 3857 1100 3911 nimium
1130 3855 1387 3911 crudelis
1415 3859 1471 3910 et
1524 3860 1712 3910 atrox.

114 3945 661 4013 Pestifer,infestus,
687 3951 908 4015 torvus,
942 3951 1098 4016 trux,
1129 3946 1484 4014 ﬂagitiosus.

116 4035 360 4092 Pestifer
386 4036 881 4107 inconstansque,
901 4052 1148 4107 procax,
1188 4039 1473 4089 ventosus
1510 4039 1568 4089 et
1596 4034 1786 4089 exlex.

117 4127 391 4192 Lethifer,
427 4125 696 4196 immitis,
727 4130 1092 4198 praecautus,
1125 4124 1350 4196 ubique
1373 4123 1630 4179 rebellis.

116 4216 386 4271 Proditor
415 4215 805 4286 incentorque
839 4215 1002 4284 mali,
1035 4214 1256 4286 duplex
1289 4214 1619 4269 simulator.

116 4304 343 4378 lmpius
369 4309 426 4359 et
453 4304 742 4370 tumidus,
773 4303 996 4376 pellax,
1031 4304 1311 4375 deceptor
1341 4309 1397 4358 et
1422 4304 1644 4359 audax.

117 4393 398 4460 Furcifer,
428 4393 710 4458 incestus,
741 4393 1008 4459 infrenis,
1034 4392 1346 4460 litigiosus.

117 4481 508 4554 Pestiferique
540 4480 684 4536 mali
715 4485 1132 4548 augmentum,
1180 4480 1305 4535 doli
1331 4480 1788 4536 incrementum.

114 4574 246 4626 Non
269 4574 631 4638 atramento,
661 4586 868 4624 verum
900 4569 1160 4624 carbone
1185 4569 1512 4625 notandus.

113 4663 181 4716 Et
210 4664 384 4717 tanto
413 4659 632 4715 scelere
659 4665 795 4714 ante
823 4658 972 4714 alios
1002 4659 1328 4714 immanior
1358 4675 1590 4724 omnes,

119 4752 399 4814 Quantus
417 4748 495 4804 ad
527 4749 884 4816 astrigerum
903 4747 1090 4803 tendit
1108 4753 1424 4819 suspectus
1443 4748 1789 4820 Olympum.

191 4840 322 4893 Huc
348 4837 609 4909 illucque
630 4836 921 4909 profugas
953 4836 1381 4892 contaminavit
1415 4842 1639 4905 gentes,
1694 4853 1792 4892 ea-

116 4942 382 4998 rumque
413 4925 526 4980 sibi
567 4931 624 4981 et
652 4925 774 4980 suis
824 4925 1152 4980 vindicavit
1206 4925 1534 4980 facultates.
1596 4925 1793 4981 Gallia;

116 5015 434 5088 potestatis
464 5014 680 5069 invasit
705 5013 1066 5080 dominium,
1104 5013 1484 5068 Franciscum
1540 5029 1798 5085 usurpa-

115 5106 199 5160 vit
227 5104 343 5160 sibi
372 5119 650 5173 regnum.
690 5103 1021 5158 Temeravit
1073 5101 1497 5169 sacerdotium,
1560 5103 1798 5157 concul—

116 5193 279 5250 cavit
309 5191 956 5248 sanctuarium.Verbis
975 5190 1263 5262 factisque
1294 5190 1595 5245 laccscivit
1617 5193 1794 5245 Fran-

117 5299 333 5339 corum
365 5298 592 5351 regem,
620 5280 958 5336 civitatibus
981 5295 1121 5334 eum
1162 5281 1286 5334 suis
1313 5280 1474 5334 triste
1531 5295 1797 5334 commo-

117 5376 378 5429 rantem.
441 5371 655 5427 Fremit
703 5370 859 5425 circa
909 5384 1118 5424 muros
1176 5368 1616 5440 praesidiorum,
1676 5384 1788 5424 ceu

117 5461 302 5534 lupus
333 5461 497 5516 circa
517 5459 722 5515 caulas
771 5458 998 5514 ovium.
1061 5458 1464 5529 Floccipendit
1514 5461 1795 5526 Francos,

121 5551 244 5606 suis
275 5549 574 5623 prasidiis
605 5554 771 5605 metu
797 5553 1086 5619 receptos.
1117 5548 1500 5619 Persequitur
1529 5553 1798 5617 cunctos,

122 5655 231 5694 ceu
260 5639 358 5695 leo
402 5654 630 5693 cervos.
689 5636 966 5691 Trucidat
1019 5636 1314 5704 inventos,
1367 5653 1524 5708 quos
1578 5636 1797 5707 reperit

121 5728 444 5801 sepositos.
504 5725 767 5782 Eﬂicitur
826 5731 1074 5793 strages,
1121 5725 1477 5794 jugulantur
1545 5725 1794 5796 cuspide

1897 468 2141 523 Casulas
2167 469 2375 525 nefarii
2402 470 2678 537 induunt,
2697 488 2853 544 quas
2887 471 3173 527 altaribus
3205 472 3389 527 sacris
3422 471 3558 528 diri-

1897 557 2086 628 piunt.
2115 561 2366 614 Vestitur
2391 560 2551 628 alba,
2584 560 2782 617 ofﬁcio
2813 562 3012 616 missae
3039 561 3332 618 dedicata.
3387 561 3557 627 Quis-

1898 646 2036 716 quis
2065 647 2124 701 in
2158 647 2290 702 illos
2305 665 2476 704 arma
2509 650 3072 721 sumit,interimitur
3099 650 3561 708 crudeliterllm-

1899 738 2024 790 tera
2055 751 2202 803 gens
2235 738 2418 791 armis
2445 737 2659 807 frigida
2684 739 2921 793 ducitur
2951 740 3206 811 captiva.
3251 741 3474 794 Uxores
3523 755 3561 798 ι

1897 823 2170 894 pluribus
2231 830 2512 897 stuprata:
2584 827 2888 882 ducuntur
2948 827 3219 883 ﬂebiliter
3285 828 3556 884 advenas.

1899 913 2105 968 Omnis
2131 914 2468 985 puellarum
2496 932 2673 970 sexus
2699 916 2776 970 ab
2815 915 2959 987 ipsis
3003 917 3253 988 turpiter
3305 916 3561 985 devirgi-

1899 1008 2094 1058 natur.
2129 1007 2277 1060 Cum
2294 1005 2620 1075 juvenibus
2647 1022 2818 1060 senes
2848 1005 3024 1076 longe
3053 1005 3290 1078 lateque
3323 1008 3563 1064 trahun-

1903 1099 1996 1148 tur
2019 1100 2301 1149 extorres.
2339 1095 2644 1167 Quidquid
2675 1101 2764 1151 est
2794 1096 3147 1152 animalium
3177 1096 3458 1166 redigunt
3501 1097 3563 1152 in

1899 1183 2177 1254 pretium.
2215 1184 2432 1239 Crescit
2461 1185 2660 1240 rabies
2694 1185 2941 1252 furiosa,
2979 1185 3184 1241 multis
3211 1187 3386 1242 malis
3413 1203 3562 1258 aug-

1900 1278 2183 1328 mentata.
2221 1274 2483 1338 Quintini
2518 1275 2678 1330 testis
2704 1275 2927 1330 meritis
2955 1292 3135 1347 super
3164 1277 3386 1331 tethera
3438 1277 3563 1333 noti

1900 1361 2241 1417 incenditur
2272 1363 2595 1418 delubrum
2625 1365 2970 1420 monasticis
2994 1364 3174 1420 rebus
3207 1365 3562 1436 praebaltea-

1901 1456 2047 1505 tum.
2085 1454 2438 1523 Caeteraeque
2469 1469 2681 1507 omnes
2711 1453 2973 1507 ecclesias
3031 1453 3091 1507 in
3146 1453 3371 1508 finibus
3423 1457 3561 1509 Ver-

1899 1541 2325 1596 mandensium
2355 1541 2587 1612 locatae,
2623 1544 2998 1612 agonothetre
3030 1543 3240 1599 Christi
3299 1543 3565 1615 Dionysii

1900 1630 2355 1699 monasterium,
2389 1632 2652 1687 Vulcano
2693 1638 3033 1703 superante,
3066 1637 3154 1687 est
3210 1631 3560 1690 favillatum.

1833 1738 1871 1791 Β
1905 1723 2070 1774 Enno
2098 1722 2229 1790 [al.,
2263 1722 2495 1793 Emme]
2527 1722 3011 1776 Noviomacensis
3061 1721 3380 1795 episcopus
3421 1739 3561 1777 eum

1903 1808 2024 1862 suis
2050 1808 2427 1877 diaconibus,
2463 1827 2518 1864 iv
2548 1810 2677 1865 Kal.
2709 1811 2858 1879 Maii,
2890 1811 3009 1865 heu
3038 1811 3190 1883 proh
3217 1810 3392 1866 dolor
3425 1811 3436 1865 Ξ
3473 1815 3564 1867 est

1901 1903 2268 1970 peremptus.
2297 1899 2623 1970 Omnisque
2652 1915 2797 1970 gens
2815 1900 3082 1955 desolata
3114 1900 3191 1954 ad
3217 1916 3399 1955 naves
3421 1900 3564 1955 duc—

1900 1991 1958 2040 ta
1984 1991 2072 2041 est
2101 1988 2354 2058 captiva.
2388 1988 2809 2044 Confessorum
2841 1989 3050 2044 Christi
3082 1989 3342 2045 Medardi
3365 1993 3423 2044 et
3457 1988 3564 2044 Eli-

1901 2075 1979 2143 gii
2005 2075 2268 2131 basilicae
2299 2077 2376 2131 ab
2404 2077 2548 2149 ipsis
2579 2077 2819 2132 nefariis
2847 2083 2985 2132 sunt
3013 2083 3290 2150 perustae.
3333 2080 3562 2133 Sanctae

1900 2164 2213 2219 Genovefae
2240 2165 2483 2234 virginis
2521 2183 2704 2221 sacrae
2727 2167 2978 2221 ecclesia
3001 2167 3234 2222 Parisiis
3257 2166 3455 2222 locata
3485 2167 3563 2222 ab

1898 2252 2042 2323 ipsis
2064 2253 2341 2308 nefandis
2374 2258 2463 2308 est
2487 2253 2824 2310 combusta.
2887 2258 3245 2327 Creteraeque
3301 2254 3564 2310 ecclesia;

1898 2347 2064 2397 extra
2100 2343 2497 2398 munitionem
2558 2344 2787 2410 locatae,
2849 2359 2956 2416 per
3014 2349 3198 2399 totam
3254 2345 3564 2399 Franciam

1897 2430 2151 2496 diffusae,
2186 2432 2626 2487 comburuntur
2661 2449 2814 2504 pene
2868 2432 3182 2488 universes.
3238 2434 3562 2489 Grassante

1897 2521 2058 2575 malo
2090 2520 2395 2576 desolatur
2426 2522 2691 2591 Francia,
2717 2522 2953 2592 penitus
3011 2527 3317 2578 evacuata.
3381 2527 3563 2591 Luget

1896 2609 2083 2664 Liberi
2111 2610 2457 2682 Cererisque
2483 2611 2677 2682 inops,
2719 2611 2940 2682 quibus
2984 2610 3176 2666 fuerat
3218 2610 3361 2666 olim
3400 2610 3562 2666 locu.

1893 2698 2248 2770 pletissima.
2278 2702 2473 2754 Mmret
2513 2699 2637 2753 suis
2666 2715 2726 2753 se
2753 2698 2962 2753 incolis
3005 2699 3267 2767 destitui,
3320 2699 3555 2769 agrico-

1891 2787 2084 2859 lisque
2112 2787 2349 2859 privari.
2383 2788 2575 2858 Ejulat
2607 2803 2845 2842 vomere
2866 2803 2989 2842 non
3023 2793 3290 2858 exarata,
3343 2787 3557 2843 cultro-

1892 2892 2009 2949 que
2040 2876 2283 2932 inculta.
2352 2877 2653 2949 Torpescit
2707 2876 3076 2949 quiescendo
3126 2882 3299 2944 terra,
3349 2876 3556 2933 labore

1894 2966 2083 3020 boum
2150 2981 2270 3020 non
2305 2966 2578 3021 exercita.
2617 2970 2972 3034 lgnorantur
3015 2966 3241 3037 pervia,
3292 2965 3556 3035 vestigiis

1893 3054 2212 3109 hominum
2253 3071 2376 3109 non
2407 3055 2622 3110 attrita.
2660 3054 2955 3110 Silvarum
2997 3054 3429 3126 frutricumque
3478 3059 3563 3110 at-

1897 3163 2012 3217 que
2053 3162 2369 3200 nemorum
2405 3162 2619 3215 genere
2669 3145 2998 3200 densentur
3037 3146 3238 3218 campi
3283 3145 3558 3201 volvente

1894 3238 2183 3306 tempore.
2222 3235 2607 3293 Conclamata
2638 3239 2725 3288 est
2779 3233 2967 3298 salus,
3027 3235 3280 3306 vitaeque
3336 3234 3559 3290 ﬁducia

1893 3323 2137 3378 recessit
2164 3323 2241 3378 ab
2265 3323 2884 3391 hominibusNavigio
2915 3323 3077 3394 ipsas
3106 3324 3245 3378 Daci
3274 3323 3560 3395 petebant

1896 3427 2107 3482 aquas,
2141 3411 2401 3482 indeque
2435 3411 2769 3465 exsilientes
2799 3411 3251 3482 populabantur
3273 3411 3558 3468 ﬁnitimas

1893 3505 2100 3554 terras.
2144 3503 2322 3554 Nocte
2346 3499 2710 3554 invadebant
2757 3498 3087 3568 jacentium
3143 3515 3421 3570 corpora,
3474 3499 3558 3554 le-

1893 3587 2012 3642 thei
2045 3587 2276 3659 soporis
2307 3587 2502 3659 quiete
2535 3587 2786 3659 sepulta.
2821 3587 3114 3642 Omnibus
3147 3587 3392 3641 vastatis
3418 3602 3557 3658 quae

1894 3676 2135 3731 fuerunt
2157 3675 2270 3729 sibi
2299 3675 2443 3742 visa,
2473 3679 2528 3730 et
2546 3691 2669 3730 non
2699 3674 3059 3746 reperientes
3088 3675 3274 3747 praelii
3296 3691 3557 3747 usquam

1895 3765 2223 3821 certamina
2254 3765 2313 3820 in
2345 3770 2468 3820 tota
2493 3765 2765 3832 Francia,
2823 3768 3168 3820 remearunt
3225 3764 3559 3837 praedando

1894 3855 2102 3911 omnia
2131 3854 2210 3910 ad
2234 3853 2483 3910 navium
2509 3853 2807 3926 praesidia.

1969 4034 2262 4091 Omnibus
2295 4032 2474 4104 igitur
2494 4033 2793 4088 accersitis
2809 4047 2990 4104 super
3018 4047 3131 4088 suo
3147 4031 3387 4102 negotio
3414 4031 3564 4104 quid

1853 4153 1863 4162 ε
1898 4129 2146 4195 agerent
2175 4122 2560 4192 consulturis,
2593 4123 2865 4177 omnium
2905 4121 3208 4193 Alstignus
3237 4139 3396 4178 unus
3451 4137 3564 4194 pro

1897 4213 2180 4269 omnibus
2204 4211 2397 4283 inquit
2424 4210 2832 4282 nequissimus
2861 4228 2876 4265 :
2905 4232 2934 4258 «
2967 4212 3192 4282 Optata:
3223 4209 3398 4265 nobis
3436 4224 3562 4265 crc-

1895 4303 2181 4358 brescunt
2208 4316 2389 4366 aurae,
2423 4300 2745 4372 facilesque
2773 4299 2946 4354 nobis
2972 4301 3133 4354 viam
3161 4299 3389 4371 spirant
3402 4298 3564 4354 venti

1896 4391 2165 4447 secundi.
2200 4391 2258 4445 Si
2301 4389 2478 4444 nobis
2511 4404 2636 4443 non
2684 4388 2974 4460 displicet,
3032 4392 3282 4444 Romam
3327 4403 3560 4454 eamus,

1899 4494 2154 4549 eamque
2179 4476 2353 4530 sicuti
2383 4475 2692 4530 Franciam
2736 4479 2939 4530 nostro
2969 4473 3306 4530 dominatui
3354 4473 3563 4544 subju-

1901 4583 2133 4638 gemus.
2171 4589 2198 4615 »
2263 4566 2384 4620 Hoc
2441 4563 2760 4619 consilium
2828 4562 3193 4634 complacuit
3253 4561 3563 4630 omnibus,

1898 4657 2164 4728 velisque
2204 4655 2370 4709 lectis
2425 4669 2459 4708 a
2510 4650 2975 4724 praedatoribus,
3023 4655 3305 4723 torquent
3349 4665 3563 4722 proras

1901 4745 2194 4802 Francicis
2223 4761 2259 4800 a
2283 4743 2600 4799 littoribus.
2635 4741 2774 4796 Aliis
2801 4756 3067 4813 namque
3098 4740 3275 4810 longe
3328 4739 3564 4812 lateque

1901 4835 2182 4891 ﬂuctibus
2211 4833 2400 4900 tactis,
2429 4832 2716 4903 terrisque
2743 4829 2828 4884 eis
2879 4830 3146 4901 citraque
3198 4829 3395 4884 littora
3449 4827 3564 4884 sibi

1898 4924 2238 4989 vindicatis,
2295 4927 2547 4979 Romam
2614 4920 2927 4976 dominam
2980 4918 3247 4987 gentium
3303 4917 3567 4974 volentes

1900 5014 2058 5069 clam
2089 5013 2340 5084 adipisci
2373 5015 2572 5067 Lunxe
2593 5009 2804 5065 urbem
2833 5011 2984 5079 {Lux
3011 5007 3267 5077 urbem],
3299 5023 3438 5080 quae
3461 5009 3570 5064 Lu-

1900 5119 1981 5158 na
2005 5102 2238 5169 dicitur,
2267 5101 2510 5169 navigio
2541 5103 2681 5154 sunt
2709 5097 3030 5167 congressi.
3064 5096 3368 5169 Principes
3391 5096 3571 5166 igitur

1903 5191 2155 5247 civitatis
2213 5189 2604 5245 formidoloso
2672 5191 2976 5242 tantorum
3034 5186 3264 5259 impetu
3311 5185 3571 5242 exterriﬁ

1903 5279 2252 5335 munierunt
2276 5278 2488 5334 urbem
2517 5275 2984 5349 quampluribus
3007 5275 3340 5345 armigeris.
3364 5278 3572 5330 Decer-

1903 5383 2054 5426 nens
2077 5367 2401 5437 Adstignus
2427 5366 2776 5438 [Alstignus]
2809 5363 3225 5438 blasphemus,
3259 5365 3338 5421 ab
3376 5363 3570 5420 omni-

1905 5459 2023 5514 bus
2050 5474 2172 5513 non
2199 5474 2379 5530 posse
2411 5456 2710 5512 civitatem
2737 5456 2871 5528 capi
2903 5455 3427 5525 armis,-dolosum
3479 5471 3572 5511 re-

1907 5548 2059 5620 perit
2083 5545 2400 5602 consilium
2430 5543 2879 5600 nefandissimae
2897 5544 3147 5601 fraudis.
3198 5544 3347 5601 Misit
3370 5544 3574 5617 itaque

1909 5635 2187 5690 nuntium
2221 5634 2298 5689 ad
2326 5634 2602 5688 comitem
2657 5633 2906 5689 civitatis
2959 5638 3015 5688 et
3058 5633 3136 5688 ad
3191 5634 3568 5706 episcopum,

1914 5721 2345 5795 subsequentia
2371 5721 2557 5778 verba
2586 5720 2699 5778 illis
2743 5721 3063 5778 dicturum.
3093 5721 3203 5787 Qui
3225 5718 3574 5791 conspectui
