1939 3200
218 147 270 173 623

699 136 852 165 DUDONIS
871 135 998 163 DECANI
1019 134 1046 161 S.
1067 133 1220 166 QUINTlNl
1240 134 1431 162 VlROMAND.
1819 127 1823 130 ’
1856 135 1889 162 628

217 207 336 235 illorum
362 204 511 234 assistens,
538 201 607 229 talia
635 207 736 228 coram
761 197 892 234 profudit
915 196 1035 224 dicens:
1053 201 1076 227 Α
1096 195 1127 231 pi
1137 197 1164 223 et
1177 196 1358 223 monasterio
1374 195 1513 223 decenter
1526 194 1656 223 humari.
1675 194 1841 222 lnternuntii
1857 203 1889 223 aa

219 251 381 285 Alstignus,
398 249 458 276 dux
469 249 625 277 Dacorum,
638 243 723 272 vobis
738 242 825 270 ﬁdele
839 241 988 269 servitium
1013 242 1042 267 et

219 284 325 324 omnes
339 293 447 329 pariter
457 291 513 326 sui,
536 292 613 318 sorte
642 287 730 316 Dacia
760 295 828 314 cum
852 286 917 322 ipso
946 284 1040 320 ejecti.

220 342 282 368 Non
297 328 383 366 vobis
398 335 580 370 incognitum
597 332 678 369 quod
701 333 778 359 sorte
801 330 891 358 Dacia
916 328 1041 365 expulsi,

219 391 271 420 per
297 382 489 415 ﬂuctivagum
519 378 643 415 pelagus
667 384 778 404 eircum
810 374 912 403 omnia
936 373 1042 420 maria,

220 416 338 456 turbine
365 424 548 453 mirabilium
572 421 663 450 maris
704 420 865 448 elationum
905 416 1042 450 traducti,

220 471 408 505 Francigenae
432 468 525 503 gentis
552 474 679 500 regnum
702 473 806 492 smnus
829 462 954 491 advecti.
983 461 1043 488 Hoc

220 523 341 551 quoque
354 521 480 549 regnum
499 511 585 539 nobis
612 512 688 537 sorte
715 508 839 536 deorum
867 513 1044 534 concessum

219 559 394 590 invasimus,
410 556 597 591 multumque
611 553 718 590 praeliis
729 555 831 580 contra
843 553 944 586 gentes
958 551 1044 577 Fran-

221 605 342 637 eigenas
357 602 465 630 obnixe
483 599 670 630 certavimus,
687 599 841 632 totumque
856 594 986 629 regionis
1004 594 1045 621 lo-

222 657 289 676 cum
306 647 382 674 illius
409 645 499 672 uestri
525 642 647 670 senioris
671 642 794 677 imperio
816 639 1041 676 prostravimus.

223 694 326 719 \‘erum
343 690 482 718 omnibus
499 687 606 715 nostris
619 686 780 713 (litionibus
797 684 973 718 subjugatis,
1002 690 1043 709 re-

222 737 290 763 verti
306 735 435 762 volentes
451 733 488 760 ad
503 736 609 759 terram
631 734 736 758 nostrae
763 728 932 759 nativitatis,
961 727 1043 762 prius

221 779 410 816 aquilonibus
431 776 575 808 adversis,
603 777 706 810 postea
730 774 863 809 Zephyro
890 772 1043 806 Nothoque

222 814 306 852 nobis
322 822 474 850 contrariis
486 819 593 850 obtriti,
609 818 718 845 finibus
735 818 813 845 inviti
830 817 878 843 vix
891 814 1042 843 adnatavi-

222 878 288 896 mus
305 867 418 895 vestris.
432 868 566 893 Vestram
581 864 685 890 urbem
702 871 755 889 nec
781 863 855 889 ferro
881 859 1043 896 depopula—
1060 875 1078 900 Β

221 914 254 947 ri,
266 922 319 940 nec
334 912 451 948 praedas
471 910 606 937 venimus
622 908 691 943 pagi
708 907 793 934 vestri
810 906 847 933 ad
874 913 965 932 naves
995 904 1043 930 dc—

223 959 342 985 dueere.
361 958 422 983 Non
437 955 522 981 nobis
539 962 573 980 ea
588 952 628 979 vis
645 954 684 978 tot
696 950 833 986 periculis
848 948 984 981 fatigatis.
999 950 1045 974 Se-

221 1004 372 1037 questram
386 999 472 1026 nobis
488 1005 603 1033 pacem,
618 1002 785 1031 precamur,
797 994 874 1023 date.
900 1001 966 1028 quae
996 999 1043 1018 ne-

222 1045 351 1073 cessaria
364 1045 434 1070 sunt
446 1043 531 1069 liceat
550 1048 657 1067 emere.
675 1041 775 1066 Noster
789 1038 888 1064 senior
912 1037 1044 1063 intirma—

223 1092 280 1123 tus,
295 1087 453 1122 multisque
468 1085 622 1112 doloribus
637 1084 752 1119 plenus,
766 1082 827 1109 vult
842 1081 951 1108 avobis
968 1080 1046 1106 fonte

224 1133 373 1161 salutifero
386 1130 499 1162 redimi,
513 1129 773 1162 tiliristianumque
790 1134 851 1152 sese
867 1125 927 1152 fieri
946 1134 951 1151 2
982 1127 1009 1151 et
1023 1124 1046 1150 si

224 1179 317 1205 morte
332 1177 387 1204 hac
403 1176 432 1202 in
448 1174 616 1201 infirmitate
628 1174 854 1208 prveoccupatus
870 1169 963 1203 fuerit,
981 1177 1047 1195 ves-

224 1226 266 1251 tra
283 1221 485 1249 misericordia
499 1222 654 1254 vestraque
668 1218 772 1253 pietate
787 1217 842 1243 hac
866 1215 980 1242 civitate
1003 1223 1047 1240 se-

222 1267 381 1303 peliri.lloc
393 1265 546 1292 audientes
560 1262 669 1299 priesul
679 1264 706 1288 et
722 1269 820 1287 eomes
830 1259 1048 1295 responderunt

223 1302 402 1339 tnternuntio
418 1309 547 1335 dicentes
559 1317 581 1334 ;‹‹
593 1306 727 1341 Perpetui
745 1304 862 1332 fil-deris
877 1306 998 1339 paetum
1009 1302 1047 1328 fa»

223 1356 520 1388 cimus.Qutecunquc
529 1351 614 1378 vultis
621 1358 759 1381 emere,m
767 1352 835 1375 utua
846 1348 994 1374 voluntate
1002 1355 1050 1373 uo-

223 1403 410 1433 strorumquc
427 1400 651 1430 vestrorumque
668 1393 1049 1420 concedimus.»internun—

222 1444 278 1471 tius
294 1446 392 1470 autem
411 1448 539 1477 quaeque
560 1438 760 1466 fraudulenter
782 1435 1048 1469 illisdixit,etqu:e-

222 1495 340 1522 cunque
347 1486 385 1513 ab
392 1486 432 1512 eis
438 1485 560 1512 dolosus
568 1481 907 1515 audivit,nefandissimo
914 1479 1049 1506 omnium

226 1530 334 1558 seniori
348 1538 401 1556 suo
417 1527 604 1555 renuntiavit.
615 1528 686 1553 Data
697 1525 784 1558 igitur
801 1526 949 1559 sequestra
966 1530 1049 1558 pace,

226 1574 385 1609 multisque
401 1571 615 1607 competentiis,
631 1569 730 1597 multis
746 1568 984 1603 eoemptionibus
1007 1570 1049 1594 at-

225 1628 282 1655 que
295 1617 405 1645 mutuis
414 1615 661 1643 conventionibus
672 1615 831 1641 coutuntur
844 1612 948 1647 perfidi
962 1619 1051 1646 paga-

224 1664 254 1691 ni
270 1662 401 1690 vicissim
415 1663 442 1687 et
464 1659 628 1687 Christiani.
656 1658 772 1685 Interim
802 1659 988 1692 prteparatur
1013 1655 1051 1682 ab

225 1708 365 1743 episcopo
378 1705 530 1737 balneum,
547 1703 661 1739 perfido
678 1710 737 1729 non
761 1701 958 1736 profuturum.
978 1702 1050 1727 Sau-

225 1752 390 1779 etiticautur
406 1757 492 1785 aqme
509 1748 586 1784 putei
605 1747 718 1781 gurgite
748 1746 909 1772 exhaustaa.
943 1744 1051 1770 lllumi—

223 1799 333 1825 nantur
346 1803 410 1822 cere
419 1794 457 1821 ad
472 1801 589 1820 sacrum
602 1791 775 1827 mysterium
805 1790 924 1816 lavacri.
950 1789 1052 1816 Avehi-

224 1844 270 1869 tur
285 1840 480 1877 praestigiator
491 1837 650 1870 Alstignus,
666 1835 763 1863 dolosi
779 1834 890 1861 consilii
922 1836 1052 1868 repertor

225 1885 400 1913 malevolus.
416 1885 506 1910 Intrat
528 1881 659 1918 perfidus
689 1880 793 1911 fontes,
811 1886 919 1913 corpus
936 1881 1051 1905 tantum

226 1930 389 1957 deluentes.
408 1926 541 1961 Suscepit
555 1925 684 1953 nefarius
711 1924 904 1959 baptismum,
931 1923 969 1949 ad
992 1923 1053 1949 ani-

227 1982 284 2001 ma:
299 1980 360 1999 suas
376 1971 533 1998 interitum.
552 1969 714 2005 Suscipitur
727 1969 763 1995 de
776 1970 965 1995 sacrosancto
979 1967 1052 2002 bap-

228 2018 343 2045 tismate
359 2016 398 2043 ab
409 2015 549 2051 episcopo
564 2016 591 2040 et
602 2013 718 2040 comite.
731 2011 984 2047 Dcdueiturquasi
1008 2012 1052 2038 in-

227 2062 342 2095 ﬁrmus,
370 2067 454 2087 sacro
483 2058 660 2085 charismate
681 2057 806 2091 oleoque
817 2055 974 2082 delibutus.
991 2057 1052 2082 Non

228 2108 368 2140 aegrotus,
381 2104 433 2131 sed
444 2110 532 2137 (eger,
548 2102 667 2135 negotio
683 2100 815 2137 perfidiae
830 2100 928 2126 miser.
948 2102 1053 2135 [lepor-

228 2153 305 2178 tatus
332 2147 419 2184 quasi
443 2147 580 2174 intirmus
606 2146 644 2173 ad
687 2144 772 2172 navis
812 2144 1050 2176 contubernium,

228 2201 350 2230 corpore
373 2192 527 2220 dealbatus
555 2193 658 2217 totum.
691 2191 838 2217 Convocat
865 2189 952 2222 igitur
976 2188 1051 2215 illico

228 2239 364 2267 omnium
379 2236 590 2272 nequissimos,
606 2243 694 2270 super
715 2242 769 2260 sua
785 2233 973 2260 fraudulenta
1002 2233 1053 2260 do-

227 2283 340 2311 lositate
358 2281 556 2310 consulturos.
572 2279 674 2307 Pandit
690 2279 745 2306 illis
760 2281 905 2305 secretum
917 2286 1051 2304 exsecra-

228 2328 286 2355 bile
302 2327 385 2363 qnod
409 2326 586 2361 conceperat
601 2324 712 2351 furioso
739 2322 848 2350 corde:
878 2333 891 2345 α
910 2322 1051 2349 lminente

229 2383 242 2397 «
258 2374 354 2404 nocte,
371 2379 418 2398 me
429 2372 580 2397 mortuum
593 2369 726 2396 nuntiate
741 2367 860 2403 praesuli
876 2368 904 2393 et
912 2366 1053 2397 eomiti,et

229 2427 243 2441 ‹‹
257 2416 409 2452 deposcite
423 2414 549 2442 nimium
561 2413 675 2444 ﬂentes,
689 2415 719 2438 ut
730 2411 840 2438 faciant
854 2419 901 2438 me
919 2411 1051 2446 neophy-

229 2472 243 2484 ‹‹
259 2463 323 2488 tum
346 2467 400 2487 sua
420 2458 493 2486 urbe
524 2457 649 2493 sepeliri.
686 2457 777 2483 Enses
804 2458 832 2482 et
861 2454 1002 2488 armillas,
1026 2456 1054 2481 et

229 2515 243 2529 α
260 2503 407 2540 quidqui’d
423 2505 466 2530 est
478 2501 535 2529 mei
550 2501 634 2536 juris,
651 2500 737 2527 dicite
753 2508 805 2527 vos
820 2499 942 2526 daturos
955 2499 1021 2526 illis.
1039 2511 1052 2523 ι»

229 2548 272 2576 Illi
285 2550 395 2578 autem,
410 2549 440 2574 ut
453 2547 572 2582 jussum
588 2545 691 2576 fuerat,
707 2546 773 2571 ante
789 2543 928 2571 dominos
953 2543 1053 2570 civita-

229 2592 267 2619 tis
280 2591 440 2624 venientes,
456 2590 594 2617 dixerunt
606 2589 749 2624 ejulantes
767 2596 773 2614 :
802 2599 814 2612 α
832 2589 932 2615 Noster
956 2588 1054 2615 senior

231 2647 245 2660 ‹‹
260 2637 414 2670 vesterque
437 2634 554 2667 filiolus,
579 2634 655 2670 proh
683 2632 786 2660 dolor!
815 2635 859 2659 est
886 2632 1053 2659 defunctus.

231 2691 245 2703 «ι
261 2681 419 2707 Precamur
433 2677 533 2705 miseri
544 2681 575 2705 ut
588 2678 618 2705 in
634 2679 732 2705 vestro
748 2676 927 2704 monasterio
952 2676 1055 2711 sepeli-

231 2733 247 2750 ‹
260 2723 285 2750 ri
300 2731 369 2750 eum
386 2722 507 2757 faciatis,
521 2724 549 2750 et
572 2729 698 2749 munera
720 2729 787 2757 qum
815 2720 899 2747 vobis
926 2720 1055 2748 moriens

232 2778 247 2792 α
262 2766 349 2802 jussit
365 2766 551 2802 permaxima
565 2765 640 2799 dari,
654 2765 811 2802 recipiatis.
831 2775 843 2789 ιι
861 2764 901 2791 llli
923 2772 1055 2800 namque

231 2811 283 2839 tali
297 2811 478 2847 sophismate
494 2810 620 2844 decepti,
635 2809 742 2837 dandis
751 2812 779 2836 et
793 2809 975 2844 accipiendis
992 2816 1055 2835 mu-

231 2855 354 2884 neribus
368 2854 456 2891 quasi
469 2853 607 2881 excmcau
623 2853 850 2888 spoponderunt
866 2860 974 2887 corpus
986 2852 1055 2879 reci-

1094 241 1153 267 tem
1165 240 1291 274 regressi
1305 239 1548 268 rennntiaverunt
1563 246 1631 275 quae
1656 238 1890 267 fraudulenterinr

1094 285 1284 319 petraverant
1303 283 1420 311 funesti.
1438 285 1519 311 Tunc
1534 285 1699 311 contumax
1717 283 1830 319 pestifer
1843 291 1888 317 gau-

1095 327 1169 355 dens
1183 336 1274 364 super
1287 327 1438 364 responsis
1457 335 1562 355 eorum
1577 326 1812 363 uniuscujusque
1826 327 1888 355 tribus

1096 372 1221 399 mandat
1232 372 1367 400 accersiri
1381 371 1577 407 praecipuum.
1599 371 1793 406 Congregatis
1817 374 1888 399 autem

1096 416 1248 449 omnibus,
1259 415 1513 452 nequissimorum
1525 415 1653 451 nequior
1665 415 1741 443 dixit
1748 415 1874 451 Alstignus
1885 424 1888 441 :

1097 460 1189 489 «Mihi
1203 460 1295 488 modo
1308 461 1394 488 facite
1419 460 1570 494 feretrum,
1597 462 1626 488 et
1655 461 1839 496 superponite
1858 468 1889 487 me

1096 505 1185 541 quasi
1199 507 1361 540 mortuum,
1377 513 1462 533 arma
1475 513 1596 532 mecum
1620 505 1650 532 in
1676 504 1744 541 ipso
1769 505 1889 534 collocata,

1097 552 1125 577 et
1142 558 1193 577 vos
1208 550 1238 577 in
1254 557 1362 585 gyrum
1375 550 1454 577 circa
1468 549 1535 585 ipsa
1551 548 1687 576 ﬂebiliter
1699 551 1790 582 state;
1802 557 1845 576 vos
1856 556 1890 584 per

1097 594 1210 630 plateas
1225 594 1346 628 ululata,
1362 596 1537 632 vestrosque
1551 601 1600 621 me
1611 593 1707 628 cogite
1717 593 1890 630 plangere.'fu-

1099 638 1222 665 multuet
1249 647 1304 665 vox
1328 642 1427 665 vestra
1448 646 1502 674 per
1525 640 1632 665 cuneta
1658 640 1761 666 nostra.
1787 637 1889 666 tentoria.

1099 685 1260 718 Concrcpet
1275 690 1330 709 vox
1346 682 1396 717 qui
1412 685 1544 717 praesunt
1564 681 1693 709 navibus
1723 689 1789 709 cum
1810 680 1890 709 ceteris

1099 726 1279 754 cohortibus.
1297 726 1433 753 Armillas
1447 729 1474 753 et
1489 726 1604 753 balteos
1618 725 1687 753 ferri
1703 728 1769 754 ante
1782 725 1890 754 feretrum

1099 771 1193 798 facite.
1207 771 1336 797 Gemmis
1350 778 1484 805 auroque
1504 770 1611 805 politos
1635 777 1755 798 secures
1776 776 1890 805 ensesque

1099 816 1246 851 exponite.
1266 827 1279 839 ››
1295 815 1336 842 Fit
1351 815 1430 842 dicto
1442 815 1526 842 citius
1542 814 1626 850 quod
1641 814 1798 843 mandarat
1817 814 1890 842 funes-

1100 862 1155 886 tus.
1173 860 1296 886 Auditur
1308 859 1421 886 clamor
1438 858 1619 893 ululatuum,
1649 858 1843 894 tumultusque
1861 857 1890 884 lu-

1099 904 1241 938 gentium.
1260 905 1408 931 Resonant
1436 905 1554 930 montes
1582 911 1637 938 pro
1666 903 1787 931 vocibus
1815 901 1890 930 dolose

1099 948 1287 975 maerentium
1301 947 1467 974 tinnientes.
1485 948 1635 974 Convocat
1646 946 1753 983 praesul
1765 945 1890 982 campanis

1100 995 1217 1026 gentem
1233 992 1373 1019 diffusam
1389 999 1441 1027 per
1457 994 1548 1018 totam
1562 991 1720 1019 civitatem.
1733 991 1810 1019 Venit
1822 990 1891 1018 clerus

1100 1037 1271 1064 monasticis
1287 1036 1471 1063 vestimentis
1485 1035 1617 1063 indutus.
1632 1035 1767 1063 Similiter
1774 1034 1890 1072 principes

1100 1081 1177 1108 illius
1194 1081 1275 1107 urbis
1291 1080 1434 1115 martyrio
1457 1079 1631 1107 coronandi.
1658 1078 1758 1107 Aﬂluit
1779 1078 1891 1107 femineus

1102 1133 1189 1152 sexus
1204 1125 1232 1151 in
1250 1124 1383 1151 exsilium
1400 1123 1605 1151 deducendus.
1622 1124 1751 1158 Pergunt
1770 1122 1891 1151 unanimes

1101 1172 1204 1196 contra
1220 1171 1386 1196 monstrum
1398 1168 1502 1195 feretro
1518 1168 1704 1204 impositum.
1721 1167 1892 1203 Bajulantsco

1102 1213 1195 1239 lastiei
1215 1213 1394 1239 candelabra
1408 1215 1435 1239 et
1450 1220 1563 1243 cruces,
1573 1212 1742 1246 majoribus
1762 1211 1891 1248 prlewdan-

1104 1260 1155 1284 tes.
1173 1257 1312 1284 Avehitur
1327 1265 1344 1284 a
1360 1257 1485 1292 paganis
1498 1256 1661 1291 Alstignus,
1677 1257 1764 1284 vivus
1777 1263 1853 1292 super
1869 1254 1893 1282 fe-

1103 1305 1212 1329 retrum
1226 1302 1347 1337 pes-itus.
1363 1304 1457 1337 Atque
1472 1301 1501 1328 in
1522 1301 1601 1329 exitu
1623 1301 1780 1330 civitatatis
1803 1299 1893 1328 obviam

1104 1347 1261 1374 Christiani
1276 1347 1411 1382 paganis.
1428 1346 1473 1373 Ab
1490 1350 1616 1382 utroque
1631 1345 1746 1383 populo
1760 1347 1893 1382 comporta~

1105 1394 1150 1418 tur
1165 1392 1202 1419 ad
1219 1391 1445 1423 monasterium,
1460 1399 1521 1426 quo
1538 1390 1713 1426 sepulcrum
1727 1390 1790 1426 ejus
1803 1391 1893 1425 eratpa

1105 1439 1212 1463 ratum.
1232 1437 1380 1471 l’raaparat
1397 1443 1427 1462 se
1443 1435 1612 1471 episcopus,
1642 1435 1770 1463 missam
1793 1441 1841 1471 pro
1858 1440 1893 1460 suo

1106 1480 1195 1507 filiolo
1211 1480 1423 1507 celebi'aturus.
1440 1480 1535 1506 Choro
1549 1482 1605 1506 stat
1620 1481 1649 1506 et
1664 1478 1770 1512 clerus,
1781 1477 1894 1506 ofﬁciosis-

1084 1549 1088 1555 .
1106 1525 1178 1552 sime
1194 1528 1312 1551 cantare
1325 1526 1436 1550 suetus.
1457 1526 1596 1557 Ignorant
1611 1522 1781 1551 trucidandi
1793 1521 1892 1550 Christi!-

1084 1565 1089 1572 ¹
1107 1570 1135 1596 ni
1147 1569 1249 1596 dolum
1264 1569 1421 1595 mortiferae
1436 1568 1558 1595 fraudis.
1576 1569 1760 1596 Decantatur
1782 1567 1893 1596 missam

1105 1614 1240 1640 lemniter
1253 1613 1411 1640 celebrata.
1437 1612 1618 1648 Participant
1646 1620 1755 1640 omnes
1777 1608 1894 1641 Christiani

1106 1659 1232 1694 mystico
1249 1658 1394 1685 sacrificio
1405 1658 1474 1684 Jesu
1490 1657 1604 1684 Christi.
1635 1657 1688 1685 His
1708 1657 1854 1685 missarum
1869 1661 1896 1682 so-

1106 1703 1221 1730 lemniis
1250 1703 1387 1729 decenter
1412 1701 1545 1737 expletis,
1574 1701 1784 1738 paulatimque

1106 1747 1300 1781 congregatis,
1313 1746 1402 1781 jussit
1417 1746 1525 1781 praesul
1548 1754 1660 1781 corpus
1687 1746 1728 1774 ad
1752 1744 1896 1783 sede

1105 1792 1221 1819 deferri.
1249 1791 1358 1825 Pagani
1394 1799 1463 1817 eum
1494 1798 1605 1823 magno
1634 1790 1768 1818 clamore
1794 1787 1896 1826 ρεωωι

1106 1836 1254 1867 feretrum,
1271 1837 1298 1862 et
1317 1835 1456 1862 dicebant
1477 1835 1646 1862 alternatim
1671 1843 1735 1863 non
1761 1842 1826 1863 eum
1843 1838 1897 1868 88Ρῦ

1105 1880 1248 1907 lieudnm.
1267 1879 1391 1907 Stabant
1406 1879 1494 1913 igitur
1523 1879 1686 1907 Christiani
1709 1887 1798 1916 super
1808 1883 1896 1914 respon-

1107 1925 1145 1951 sis
1161 1932 1264 1951 eorum
1282 1924 1447 1959 stupefacti.
1465 1925 1544 1951 Tunc
1556 1923 1715 1959 Alstignus
1730 1924 1830 1953 feretro
1850 1919 1897 1950 des}

1106 1969 1168 2002 luit,
1185 1976 1347 2004 ensemque
1362 1968 1523 2002 fulgentem
1538 1968 1651 2003 vagina
1666 1969 1805 2006 deripuit.
1824 1964 1896 1996 Invasit

1107 2014 1241 2041 funestus
1266 2013 1424 2048 praesulem
1449 2012 1559 2040 librum
1584 2021 1684 2041 manu
1708 2014 1855 2042 tenentem.
1871 2010 1898 2037 ³⁸⁸

1107 2057 1188 2092 gulat
1201 2057 1369 2093 praesulem,
1391 2059 1540 2093 prostrato
1563 2059 1593 2085 et
1612 2058 1736 2091 comite,
1753 2059 1898 2090 stantem!ut

1107 2102 1219 2129 eleran
1235 2101 1264 2128 in
1277 2101 1401 2128 ecclesia
1415 2101 1570 2129 inermem.
1584 2101 1807 2130 Obstruxemnt

1107 2146 1181 2173 ostia
1197 2145 1307 2181 templi,
1320 2153 1356 2172 ne
1372 2148 1473 2180 posset
1488 2144 1567 2172 ullus
1582 2145 1674 2174 elabi.
1704 2147 1786 2174 Tunc
1806 2149 1898 2182 ραςιω

1107 2198 1174 2217 rum
1190 2190 1287 2217 rabies
1304 2190 1431 2217 trucidat
1446 2190 1628 2218 Christianos
1642 2190 1788 2219 inermes.
1809 2187 1897 2218 τηάω

1108 2238 1155 2262 tur
1169 2243 1273 2262 omnes
1302 2234 1376 2267 neci,
1403 2242 1480 2269 quos
1507 2234 1590 2262 furor
1615 2235 1733 2271 reperit
1754 2234 1848 2263 hostis.
1866 2232 1898 2258 St

1107 2279 1189 2306 viunt
1205 2279 1281 2306 infra
1295 2278 1411 2306 delubri
1428 2280 1523 2314 septa,
1539 2281 1570 2306 ut
1582 2278 1647 2314 lupi
1659 2279 1742 2308 infra
1754 2279 1847 2308 ovium
1857 2281 1898 2304 ω’

1106 2323 1159 2350 las.
1177 2323 1269 2351 Corde
1286 2325 1426 2358 premunt
1436 2322 1581 2357 gemitum
1597 2323 1759 2359 mulieres,
1781 2323 1899 2358 ιωγω

1106 2375 1165 2403 que
1178 2366 1338 2394 effundunt
1348 2367 1462 2394 inanes.
1478 2367 1606 2394 Iuvenes
1622 2374 1699 2395 cum
1876 2362 1898 2389 ιθ

1106 2412 1145 2439 ris
1159 2414 1396 2439 concatenantur
1412 2411 1511 2438 simul.
1545 2410 1657 2439 Ultima.
1678 2412 1753 2440 vitae
1779 2412 1836 2440 dies
1855 2406 1898 2437 ιιά

1107 2456 1149 2483 dit
1163 2455 1313 2488 omnibus,
1330 2456 1480 2491 breveque
1495 2457 1524 2483 et
1534 2455 1774 2491 irrecuperabile
1786 2455 1846 2484 vita:
1856 2455 1897 2481 ω’

1106 2508 1174 2536 pus.
1203 2501 1398 2527 Prosternunt
1416 2507 1470 2535 per
1498 2499 1612 2527 moenia
1635 2501 1728 2529 urbis
1766 2498 1897 2538 prelianteS

1107 2552 1304 2581 quoscunque
1331 2544 1481 2580 reperiunt
1500 2543 1691 2572 robustiores
1716 2545 1866 2574 atteruntur
1882 2538 1898 2566 ct

1107 2596 1168 2621 ves,
1180 2589 1314 2615 saeviente
1323 2590 1410 2616 Marte
1421 2588 1565 2615 dolentes.
1582 2589 1664 2616 Gens
1677 2597 1751 2626 qum
1761 2588 1899 2627 precum

1108 2633 1195 2660 vibus
1208 2633 1301 2667 adest,
1318 2632 1410 2669 portis
1419 2632 1448 2659 vi
1461 2631 1644 2668 patentibus.
1663 2634 1732 2662 Stat
1743 2634 1899 2662 mucroni?

1107 2685 1197 2704 rusco
1209 2677 1286 2704 acies
1307 2677 1384 2709 ferri,
1400 2676 1523 2704 strictim
1537 2678 1647 2712 parata.
1669 2679 1752 2707 neci.
1764 2675 1898 2713 ιωιεωιίεν

1108 2721 1322 2756 prteliantibus,
1338 2720 1408 2748 hinc
1422 2720 1492 2748 inde
1507 2722 1657 2748 certantes
1673 2722 1853 2751 altrinsecus.
1863 2719 1898 2746 αν

1109 2765 1212 2792 deliter
1229 2765 1380 2801 perimunt
1389 2773 1494 2792 omnes
1511 2773 1589 2800 quos
1602 2767 1769 2801 reperiunt
1783 2763 1862 2795 armis
1875 2758 1898 2788 ἀ

1111 2811 1232 2836 stantes.
1246 2809 1377 2837 Tandem
1391 2808 1493 2836 ﬁnitur
1507 2808 1656 2843 duellum,
1675 2812 1778 2840 eheu!

1111 2855 1188 2880 cer-tu
1203 2853 1498 2881 (Ihristianorumﬂm
1502 2855 1562 2880 tera
1570 2861 1716 2890 namque
1722 2846 1832 2884 manus
1837 2846 1898 2881 W
