3968 6424
174 284 280 337 625

167 494 323 561 bies,
355 499 686 567 prostratos
717 503 961 570 propter
989 499 1154 556 urbis
1186 502 1507 575 principes.
1543 503 1841 559 Gloriaba—

169 587 269 638 tur
293 583 596 653 Alstignus
627 601 766 640 cum
795 587 938 655 suis,
971 593 1136 644 ratus
1193 591 1424 663 cepisse
1457 595 1708 648 Romam
1739 609 1838 648 ca-

168 675 282 745 put
311 673 545 729 mundi.
580 674 916 731 Gratulatur
942 681 1138 734 tenere
1184 695 1245 735 se
1296 682 1712 737 monarchiam
1755 686 1840 738 to-

169 761 290 816 tius
341 761 596 834 imperii,
629 777 736 835 per
784 764 996 820 urbem
1040 783 1227 839 quam
1278 769 1530 840 putabat
1561 769 1836 836 Romam,

167 867 312 924 quas
342 856 433 906 est
462 853 729 922 gentium
769 853 1152 912 dominatrix.
1204 858 1370 914 Hanc
1409 875 1531 914 non
1563 877 1695 915 esse
1727 864 1838 915 Ro-

169 951 342 992 mam
373 943 698 1011 postquam
728 941 950 1008 didicit,
981 951 1322 1001 commotus
1371 947 1459 1002 ira
1491 947 1572 1002 sic
1605 948 1797 1020 inquit
1825 967 1836 1003 :

173 1045 204 1073 «
231 1026 590 1083 Praedamini
616 1044 859 1086 omnem
900 1033 1298 1105 provinciam,
1331 1041 1386 1091 et
1413 1036 1709 1092 incendite
1742 1053 1838 1092 ur-

170 1112 318 1169 bem
343 1114 540 1170 istam.
571 1119 848 1190 Captivos
888 1125 943 1176 et
983 1123 1172 1193 spolia
1202 1125 1515 1180 conducite
1547 1125 1625 1180 ad
1654 1141 1838 1180 naves

170 1218 364 1274 quam
394 1203 674 1276 plurima.
709 1209 973 1265 Sentiant
1013 1211 1208 1267 coloni
1239 1213 1407 1268 istius
1440 1218 1607 1269 terrae
1639 1231 1749 1269 nos
1779 1215 1838 1270 in

172 1290 399 1348 ﬁnibus
426 1293 668 1351 illorum
697 1313 1024 1356 versasse.»
1050 1302 1220 1366 Quod
1249 1304 1497 1358 mandat
1512 1307 1674 1371 teter,
1701 1319 1841 1373 gau-

171 1379 276 1436 det
304 1397 516 1454 parare
564 1385 854 1442 minister.
908 1389 1112 1444 Omnis
1161 1391 1466 1462 provincia
1517 1392 1838 1462 invaditur,

170 1470 465 1543 hosteque
492 1475 863 1546 nequissimo
897 1483 1231 1550 superatur.
1264 1482 1500 1551 Strages
1523 1483 1841 1554 quamplu-

169 1558 329 1614 rima
359 1557 630 1630 eﬂicitur,
664 1565 881 1636 captivi
924 1567 998 1620 ad
1046 1583 1231 1622 naves
1275 1567 1597 1623 ducuntur.
1631 1568 1839 1624 Gladio

168 1651 230 1702 et
281 1647 561 1705 incendio
612 1651 931 1710 devastant
979 1657 1187 1713 omnia
1240 1673 1374 1729 quae
1433 1657 1665 1714 fuerant
1728 1658 1840 1712 illis

677 282 769 337 DE
809 284 1048 343 GESTIS
1088 287 1540 346 NORMANNl/E
1581 291 1701 346 DU(

1971 297 2043 350 ‘Rl
2085 297 2283 356 TRES.
2328 333 2395 340 —
2435 303 2562 355 LIB.
2607 301 2645 354 Ι.
2688 299 3105 355 ΗΛΞΤΙΝΟΠδ.

169 405 415 462 ducitur
441 405 718 462 navibus.
751 409 1129 482 Conquiescit
1175 413 1420 469 furentis
1466 415 1711 483 Alstigni
1742 432 1834 470 ra-
1874 419 1919 470 A

3503 303 3604 355 626

2022 425 2037 475 Ι
2047 426 2246 480 nterea
2273 425 2420 480 dum
2448 424 2622 498 quasi
2653 423 2910 479 solitudo
2964 423 3208 478 Francia
3237 423 3470 478 deserta
3499 423 3606 479 ha-

1946 509 2202 581 beretur,
2222 514 2490 587 dumque
2512 514 2687 569 veluti
2715 512 3050 568 tonitrualis
3079 512 3344 582 mugitus
3373 512 3610 582 rugien-

1947 598 2025 654 tia
2056 616 2297 668 arcana,
2322 602 2525 674 pavidi
2547 604 3057 657 Nortmannorum
3087 600 3382 656 adventus
3411 599 3610 656 formi-

1947 688 2251 760 darentur,
2281 709 2501 764 rexque
2534 693 2902 746 Francorum
2934 689 3093 744 unde
3126 689 3395 744 audaciae
3426 704 3607 761 paga-

1947 791 2163 832 norum
2195 779 2481 834 hOstiliter
2508 778 2800 832 resisteret
2821 793 2941 832 non
2973 776 3238 842 haberet,
3258 775 3449 848 reperi
3472 791 3610 831 con-

1949 867 2144 922 silium
2176 868 2350 922 valde
2404 869 2515 923 sibi
2555 868 2797 940 suisque
2840 865 3323 932 saluberrimum,
3358 869 3422 920 ut
3467 881 3608 920 cum

1946 954 2211 1023 Alstigno
2233 957 2519 1028 nequiore
2543 955 2915 1028 nequissimo
2936 954 3344 1020 fcederaretur,
3367 969 3608 1026 paxque

1948 1044 2123 1099 totius
2145 1045 2330 1111 regni,
2353 1050 2625 1100 serenata
2644 1043 3049 1112 ingruentium
3070 1041 3608 1114 depopulationum

1947 1137 2315 1203 tempestate,
2350 1133 2499 1188 inter
2525 1138 2845 1203 utrumque
2877 1130 3215 1185 haberetur.
3238 1131 3611 1202 Quapropter

1947 1220 2203 1274 ducibus
2255 1220 2572 1289 accersitis,
2607 1236 2746 1275 cum
2800 1217 3097 1290 episcopis
3145 1217 3606 1288 comitibusque,

1947 1326 2086 1364 cum
2137 1309 2454 1364 satellitum
2507 1309 2736 1373 turmis,
2782 1307 2948 1379 quod
3003 1305 3180 1361 corde
3229 1305 3608 1377 disponendo

1948 1397 2272 1467 adinvenit,
2331 1396 2670 1470 eloquendo
2715 1394 3088 1461 memoravit,
3119 1399 3296 1465 atque
3345 1409 3608 1466 pronun-

1949 1487 2152 1542 tiando
2185 1487 2266 1542 sic
2314 1487 2508 1542 retulit
2539 1504 2549 1540 :
2613 1509 2639 1536 ‹‹
2666 1488 2708 1542 O
2742 1485 3002 1540 seniores
3032 1489 3088 1540 et
3125 1483 3375 1552 domini,
3407 1482 3607 1537 immi-

1948 1576 2139 1630 nentis
2183 1575 2572 1648 querimonitu
2604 1591 2786 1630 causa
2835 1575 2952 1628 huc
2993 1572 3320 1645 provocati,
3356 1569 3606 1626 consilio

1948 1681 2054 1720 vos
2086 1665 2362 1721 rimando
2393 1666 2699 1737 quarritate
2725 1663 2910 1732 regni.
2938 1686 2965 1712 »
3019 1666 3180 1718 Tunc
3211 1677 3351 1717 vero
3380 1659 3604 1728 Franci,

167 1753 232 1792 1n
287 1744 624 1809 praesentia.
679 1744 939 1799 Onerant
985 1761 1190 1810 naves,
1240 1747 1331 1801 his
1382 1747 1650 1820 expletis,
1703 1763 1840 1818 cap-
1879 1769 1917 1821 Β
1948 1755 2110 1822 regia
2139 1755 2496 1810 allocutione
2525 1754 2798 1826 permoti,
2822 1753 3101 1807 dixerunt
3129 1750 3443 1806 unanimes
3468 1764 3608 1804 con-

169 1827 306 1881 tivis
365 1832 418 1883 et
477 1829 702 1901 spoliis.
757 1835 889 1888 Jam
943 1840 1176 1891 vertunt
1221 1853 1432 1908 proras
1484 1837 1562 1892 ad
1609 1837 1837 1892 Franci-

171 1931 344 1984 genae
388 1919 577 1986 gentis
624 1937 879 1990 regnum
933 1925 1266 1981 ducendas.
1313 1930 1625 1982 Permeant
1671 1944 1836 1983 mare

170 2005 688 2080 Mediterraneum,
719 2018 1076 2069 revertentes
1131 2016 1206 2070 ad
1253 2017 1510 2072 Franciee
1559 2032 1833 2086 regnum.

170 2094 424 2151 Francia
451 2100 537 2152 tot
567 2103 772 2167 gentes
821 2117 1114 2173 superans
1141 2103 1269 2173 jam
1305 2110 1494 2159 morte
1522 2105 1834 2177 superbas,

172 2181 398 2238 Ofﬁciis
427 2184 654 2243 intenta
681 2189 795 2260 piis
818 2189 1080 2262 profuse,
1111 2196 1167 2247 et
1191 2192 1475 2249 honestis.

169 2276 243 2327 At
267 2273 462 2328 crines
488 2274 551 2330 in
581 2293 642 2332 se
673 2279 880 2350 populi
911 2280 1223 2337 dominata
1251 2282 1504 2338 volentis

174 2362 466 2432 Spargere
497 2369 574 2435 te,
607 2372 663 2422 ct
691 2383 848 2424 vano
879 2371 1194 2426 conanime
1225 2373 1654 2440 contaminare,

171 2452 428 2522 Imperio
459 2455 750 2526 acquisita
781 2462 882 2513 tuo
910 2459 1004 2514 bis
1034 2464 1119 2514 ter
1151 2460 1302 2516 trina
1330 2477 1516 2532 regna

173 2542 377 2609 Fortis,
405 2543 577 2610 dura,
613 2545 800 2616 ferox,
831 2555 1114 2605 constans
1145 2551 1530 2623 robustaque,
1566 2555 1759 2607 cauta.

173 2630 457 2700 Legifera,
489 2633 765 2705 insignis,
793 2638 973 2704 mitis,
997 2639 1166 2706 lenis,
1199 2639 1519 2712 luculenta,

172 2720 444 2788 Strenua,
464 2723 606 2790 tida,
640 2725 848 2797 comis,
872 2726 1012 2782 belli
1041 2728 1219 2784 rebus
1253 2729 1545 2794 studiosa,

171 2811 234 2863 ln
256 2809 486 2866 cunctis
511 2813 900 2888 vincensque,
926 2822 1138 2888 potens
1167 2817 1472 2890 solersque
1495 2818 1832 2890 triumphis,

172 2899 443 2955 Pondere
475 2901 579 2956 sed
607 2904 842 2960 sceleris
878 2907 1021 2961 tanti
1053 2907 1305 2962 nimium
1337 2909 1661 2973 cumulato,

171 2988 454 3062 Regeque
485 2993 829 3062 posthabita
860 3001 1074 3051 cuncta
1104 2997 1462 3068 purgamine
1491 2997 1688 3069 plena,

169 3077 464 3133 Mandatis
509 3081 741 3137 Domini
771 3084 982 3156 spretis
1014 3101 1194 3158 super
1223 3090 1382 3141 astra
1413 3086 1689 3141 tonantis.

169 3169 337 3222 Nunc
350 3174 648 3239 prostrata
659 3172 844 3241 jaces,
860 3189 1039 3245 super
1055 3190 1225 3229 arma
1241 3175 1454 3229 sedens
1472 3176 1833 3247 verecunda,

168 3257 429 3312 Attonita
459 3263 517 3314 et
545 3261 874 3332 stupefacta
899 3263 1076 3318 nimis
1107 3263 1313 3333 hebes,
1343 3264 1523 3320 anxia
1562 3264 1758 3321 tristis.

169 3345 550 3414 Conculcata,
582 3347 860 3406 lacessita
889 3357 944 3406 et
971 3357 1188 3423 spreta,
1217 3352 1544 3424 increpata,

171 3433 524 3507 lnfestisque
555 3437 691 3505 reis,
725 3440 974 3511 spurcis,
1007 3441 1210 3506 torvis,
1245 3441 1561 3510 sceleratis,

169 3523 485 3592 l’estiferis,
519 3527 783 3594 tumidis,
818 3530 1103 3596 ventosis,
1137 3530 1468 3600 ﬂagitiosis.

166 3616 316 3668 Nam
346 3614 608 3671 recidiva
638 3619 823 3673 armis
855 3619 970 3675 cito
1001 3636 1198 3689 surge,
1226 3619 1489 3674 velocius
1520 3620 1694 3685 insta,

169 3702 496 3758 Consilium
530 3705 901 3779 tibimetque,
931 3709 1046 3763 tuis
1079 3725 1239 3764 nunc
1264 3725 1465 3780 quaere
1497 3708 1754 3765 salubre.

167 3792 461 3847 Horrendi
480 3793 649 3850 nefas
675 3796 878 3852 multis
907 3798 1208 3853 erroribus
1238 3798 1351 3853 acti

167 3882 473 3950 Pceniteat,
506 3885 731 3955 pudeat
759 3891 832 3954 te,
863 3888 1095 3957 taedeat,
1127 3889 1364 3943 horreat
1392 3892 1590 3960 atque.

167 3970 369 4026 Scribe
403 3972 501 4028 Dei
527 3975 816 4032 mandata
846 3977 950 4044 tui,
981 3977 1286 4032 recitando
1318 3993 1423 4048 per
1452 3993 1653 4043 omne,

164 4059 365 4115 Altera
391 4063 708 4133 progenies
737 4065 835 4121 illa
867 4066 1045 4121 Dacia
1069 4067 1090 4086 '
1118 4065 1449 4132 dimittitur,

168 4149 438 4219 Remigio
470 4151 730 4209 tumidas
755 4153 956 4209 valido
986 4154 1234 4226 lapsura
1263 4169 1371 4226 per
1396 4155 1614 4210 undas.

167 4237 418 4293 Bellabit
442 4256 683 4312 pugnas
708 4242 767 4297 in
799 4247 852 4298 te
879 4258 987 4314 per
1015 4247 1288 4315 tempora
1320 4243 1561 4311 multas,

167 4321 374 4378 Praelia
404 4323 665 4380 robustis
694 4342 977 4382 exercens
1009 4327 1225 4383 martia
1250 4327 1402 4382 telis.

167 4409 362 4466 Effera
390 4414 752 4470 Francorum
779 4416 1104 4471 contundet
1135 4415 1320 4471 millia
1346 4416 1599 4486 bellans,

165 4499 414 4555 Fmdere
444 4502 802 4574 complacito
827 4504 1070 4559 tandem
1096 4505 1225 4574 jam
1255 4520 1404 4576 pace
1434 4505 1655 4577 quieta,

165 4591 614 4663 Imperiumque
655 4597 846 4663 tuum,
874 4609 1218 4666 nomenque
1247 4595 1511 4666 aequabit
1554 4595 1831 4668 Olympo,

166 4684 382 4737 Gentes
408 4686 465 4737 et
489 4683 750 4739 tumidas
779 4683 885 4739 tibi
916 4684 1214 4740 deservire
1244 4688 1534 4753 negantes

167 4771 508 4827 Contundet
545 4772 766 4842 gladio,
799 4774 1089 4839 mitescet,
1123 4773 1548 4846 suppeditabit.

167 4861 211 4914 O
244 4858 404 4924 felix,
437 4875 474 4914 o
501 4864 707 4932 terque
732 4866 944 4934 quater
969 4866 1025 4916 et
1053 4860 1267 4916 millies
1297 4860 1477 4930 alma,

169 4947 340 5006 Salve
369 4949 729 5022 tripudians,
761 4956 818 5007 et
845 4955 1021 5008 aveto
1047 4951 1108 5007 in
1139 4950 1360 5008 saecula
1386 4965 1670 5021 regnans.

1949 1848 2036 1898 tra
2090 1844 2222 1898 illos
2273 1843 2633 1898 debellando
2682 1841 2955 1914 praeliari.
2990 1844 3058 1896 At
3097 1857 3201 1895 rex
3225 1837 3607 1908 dissuadens,

1949 1932 2087 1988 talia
2118 1949 2367 1988 exorsus
2397 1937 2506 1999 est,
2539 1932 2744 1987 dicens
2769 1947 2782 1984 :
2841 1954 2866 1977 ‹‹
2894 1929 3026 1985 Mihi
3055 1945 3177 1984 non
3207 1928 3440 1982 videtur
3470 1941 3610 1980 con-

1949 2022 2146 2076 silium
2177 2026 2384 2077 contra
2427 2021 2556 2075 illos
2604 2019 2820 2074 initiari
2862 2018 3108 2074 bellum.
3152 2017 3208 2071 Si
3240 2020 3447 2071 contra
3476 2014 3608 2070 illos

1949 2111 2093 2166 forte
2146 2110 2482 2165 dimicaturi
2536 2109 2809 2176 exieritis,
2844 2113 2947 2163 aut
2974 2124 3082 2162 vos
3116 2105 3472 2170 moriemini,
3506 2107 3610 2159 aut

1947 2200 2025 2254 illi
2059 2201 2200 2268 fuga
2229 2199 2379 2270 lapsi
2411 2202 2677 2270 repetent
2704 2213 2890 2252 naves
2921 2194 3228 2251 celerrimi.
3252 2197 3319 2249 Ut
3344 2192 3608 2263 requies-

1948 2293 2041 2343 cat
2068 2293 2223 2343 terra
2253 2286 2623 2358 temporibus
2651 2285 2886 2351 nostris,
2916 2287 3218 2355 quaeratur
3238 2297 3360 2352 pax
3386 2280 3611 2334 diutur-

1947 2393 2026 2432 na
2057 2377 2134 2432 ab
2161 2376 2417 2448 impiis.»
2451 2376 2574 2430 Hoc
2596 2389 2861 2445 namque
2888 2372 3205 2428 consilium
3233 2373 3311 2425 ab
3328 2386 3429 2424 ore
3455 2368 3610 2436 regis

1945 2466 2245 2539 prolatum
2274 2465 2554 2520 omnibus
2581 2468 2666 2518 est
2697 2461 3143 2534 complacitum.
3167 2460 3508 2528 Diriguntur
3534 2457 3611 2511 le-

1947 2554 2064 2623 gati
2094 2553 2171 2608 ad
2203 2558 2464 2608 atrocem
2495 2550 2832 2619 Alstignum
2879 2547 3132 2621 pacifici.
3178 2546 3396 2600 Dehinc
3426 2543 3606 2598 vecti-

1946 2643 2062 2712 gali
2094 2658 2418 2713 pensorum
2453 2639 2811 2695 tributorum
2864 2652 3107 2692 summa
3131 2634 3457 2702 mitigatus,
3486 2637 3542 2686 et
3571 2647 3606 2685 a

1947 2731 2324 2798 Francigenis
2358 2728 2549 2784 exacti
2581 2726 2842 2782 muneris
2867 2725 3132 2797 pondere
3162 2721 3384 2777 sensim
3408 2721 3606 2791 placa-

1946 2826 2058 2886 tus,
2081 2836 2290 2892 pacem
2323 2835 2454 2890 quae
2489 2815 2908 2889 postulabatur
2936 2829 3058 2868 non
3090 2810 3330 2867 abdicat
3359 2809 3601 2875 diutius,

1944 2925 2153 2964 verum
2184 2907 2287 2963 dat
2316 2906 2640 2962 ultroneus.
2686 2901 3042 2958 lnconvulsa
3072 2899 3248 2968 igitur
3276 2895 3604 2969 prmsulum

1944 3014 2091 3070 pace
2121 2997 2380 3062 ﬁrmata,
2413 2993 2649 3048 ducitur
2695 2992 2772 3046 ad
2817 3007 3040 3060 regem,
3072 2987 3416 3061 pepigitque
3447 2985 3607 3039 inex-

1877 3117 1915 3169 ρ
1949 3086 2194 3142 tricabili
2227 3085 2446 3140 foedere
2474 3081 2837 3154 Olympiadis
2870 3095 3008 3134 cum
3035 3094 3106 3132 eo
3135 3091 3389 3131 munera
3416 3073 3603 3146 pacis.

1948 3177 2058 3243 Qui
2086 3174 2498 3248 imperialibus
2531 3169 2946 3243 competentiis
2981 3172 3309 3238 mutuaque
3331 3164 3605 3219 volunta-

1944 3272 1998 3322 te
2042 3265 2308 3320 vicissim
2367 3261 2656 3328 fmderati,
2709 3257 3007 3314 concorde
3059 3254 3419 3311 unanimiter
3469 3256 3608 3306 sunt

1944 3354 2152 3409 effecti.
2211 3351 2558 3423 Quievitque
2630 3347 2876 3404 Francia
2939 3343 3299 3401 multimoda
3354 3340 3606 3397 antehac

1942 3441 2408 3515 depopulatione
2463 3440 2704 3504 afﬂicta,
2762 3450 3060 3506 cursuque
3112 3433 3267 3487 illius
3321 3427 3606 3501 temporis

1940 3531 2137 3587 hostili
2182 3535 2345 3602 peste
2377 3528 2632 3599 privata,
2661 3521 3184 3580 intumescentium
3223 3532 3606 3590 paganorum

1940 3619 2270 3676 vastatione
2302 3623 2391 3671 est
2421 3616 2690 3670 liberata.
2747 3617 2824 3668 Ne
2878 3609 3014 3682 quis
3057 3609 3241 3663 lector
3283 3606 3608 3661 abhorreat

1941 3724 2281 3772 monemus,
2315 3705 2388 3761 ad
2441 3705 2835 3760 adversorum
2877 3697 3274 3769 ignominiam
3327 3708 3603 3763 casuum,

1940 3798 2044 3870 qui
2075 3811 2196 3851 non
2214 3794 2291 3850 ad
2312 3793 2636 3858 interitum,
2662 3790 2766 3844 sed
2797 3787 2872 3844 ad
2902 3784 3339 3856 corrcptionem
3360 3783 3604 3853 propter

1941 3883 2464 3954 exaggerationem
2498 3879 2789 3935 scelerum
2828 3875 3208 3943 Francigenis
3237 3871 3600 3927 acciderunt.

1942 3975 2202 4031 Contrita
2232 3977 2319 4028 est
2354 3985 2617 4042 namque
2667 3983 2814 4038 gens
2861 3965 3047 4020 ultore
3080 3961 3346 4031 Alstigno
3376 3957 3607 4014 Franci-

1943 4081 2116 4135 gena,
2135 4080 2271 4136 quae
2302 4058 2757 4133 spurcaminum
2783 4060 2908 4111 erat
2929 4054 3104 4109 sorde
3131 4051 3387 4107 nimium
3404 4047 3602 4121 plena.

1941 4135 2164 4210 Perﬁdi
2182 4151 2526 4225 perjurique
2552 4148 2763 4203 merito
2795 4151 2932 4201 sunt
2962 4142 3253 4208 damnati,
3317 4135 3606 4194 increduli

1940 4242 2331 4313 inﬁdelesque
2355 4240 2512 4310 juste
2546 4236 2757 4310 puniti.
2792 4233 3097 4288 Prolixum
3145 4229 3323 4285 nobis
3375 4225 3608 4313 univer-

1943 4349 2042 4387 sos
2070 4311 2542 4400 illiustemporis
2570 4325 2806 4381 labores
2821 4321 3176 4377 narratione
3210 4312 3490 4389 persequi
3519 4311 3606 4366 id-

1944 4421 2100 4475 circo
2144 4423 2366 4474 nostras
2410 4411 2898 4488 prmsumptionis
2947 4409 3118 4464 citius
3151 4408 3455 4461 vertamus
3487 4402 3608 4469 sty-

1942 4509 2070 4564 lum
2087 4507 2163 4562 ad
2187 4487 2528 4561 intentionis
2544 4500 2940 4574 propositum.
2972 4495 3236 4552 Elucidet
3254 4492 3454 4561 itaque
3477 4487 3606 4541 bre-

1943 4598 2089 4654 viter
2127 4596 2418 4662 calamus,
2451 4590 2730 4665 quamvis
2755 4589 2934 4654 iners,
2963 4601 3099 4658 quae
3130 4587 3278 4638 nutu
3305 4578 3405 4633 Dei
3437 4579 3607 4646 gesta

1946 4691 2086 4742 sunt
2114 4685 2463 4755 digeratque
2497 4677 2923 4752 compendiose
2952 4674 3206 4748 qualiter
3235 4667 3602 4755 acciderunt.

1945 4753 2383 4847 Exprimatque—
2416 4770 2499 4825 rei
2527 4768 2856 4835 veritatem,
2888 4777 3179 4836 spernens
3219 4753 3605 4830 sophismatis

1944 4841 2226 4920 errorem.
2261 4841 2495 4916 Refutet
2518 4861 2752 4918 erratus,
2771 4854 3172 4910 obscenorum
3203 4859 3477 4910 casuum,
3506 4841 3606 4898 de-

1945 4953 2166 5027 primat
2189 4954 2451 5007 venturze
2481 4945 2686 5003 salutis
2716 4941 3042 5014 negotium.

1713 5151 2076 5208 EPILOGUS.

167 5296 389 5353 Ciclica
412 5301 579 5354 torva
604 5303 832 5369 tenens,
865 5305 924 5356 et
946 5299 1180 5357 lubrica
1210 5300 1382 5358 devia
1405 5316 1683 5374 pergens,

168 5386 464 5442 Labilium
476 5387 782 5444 anfractus
792 5389 1200 5462 nequicquam
1217 5389 1588 5463 audiensque
1601 5391 1833 5448 viarum

168 5477 444 5546 Coeptum
462 5476 634 5532 itiner
645 5492 806 5533 nunc
825 5478 1188 5548 siste,Liber,
1203 5479 1468 5552 deposco
1483 5496 1834 5554 parumper,

165 5563 421 5620 Materiae
449 5563 738 5621 ﬂuitantis
765 5582 920 5638 opus
943 5567 1074 5637 jam
1100 5567 1305 5623 desine
1334 5567 1547 5625 fessus.

171 5652 229 5708 Si
253 5653 392 5708 duci
425 5653 626 5710 valeas
654 5655 808 5712 ultra
831 5657 963 5727 jam
994 5657 1274 5729 conspice
1306 5658 1516 5715 solers.

167 5743 339 5797 Nunc
360 5743 459 5799 via
487 5743 877 5816 longanimis,
901 5746 1204 5813 scabrosa,
1227 5752 1470 5827 petrosa
1495 5763 1605 5831 per
1632 5763 1834 5818 omne,

1948 5300 2224 5367 Herbida,
2250 5296 2580 5372 sylvestris,
2599 5302 2960 5354 memorosa,
2976 5290 3032 5341 et
3050 5283 3301 5350 lubrica,
3324 5286 3382 5337 et
3408 5296 3594 5353 aspra

1941 5392 2237 5461 Farraque
2268 5369 2457 5459 equos
2486 5384 2741 5454 depasce
2771 5383 2904 5433 tuos
2919 5376 3049 5446 jam
3072 5377 3196 5428 tam
3225 5369 3604 5438 macilentos,

1942 5478 2098 5534 Velle
2123 5457 2352 5532 bonum
2371 5471 2623 5529 retinent
2640 5463 3073 5541 quoniam,sed
3094 5477 3271 5535 posse
3293 5457 3601 5531 pusdlum.

1944 5567 2171 5640 Smpius
2204 5569 2261 5621 et
2287 5563 2446 5632 tersi,
2473 5560 2696 5631 lotique
2720 5555 3056 5612 habeantur
3085 5555 3105 5574 '
3137 5567 3244 5623 per
3269 5563 3448 5604 omne

1946 5656 2189 5711 ll‘wrum
2218 5652 2475 5726 pedibus
2505 5649 2728 5705 ferrum
2755 5643 2935 5699 clavis
2966 5657 3072 5697 sue
3101 5640 3332 5703 subtus,

1950 5745 2159 5805 Firmis
2189 5748 2246 5801 et
2275 5742 2472 5799 faleris
2500 5739 2738 5796 illorum
2773 5734 2956 5791 dorsa
2984 5745 3280 5805 perorna;
