3968 6374
393 266 497 321 ατ
1352 259 1661 317 DUDONIS
1700 258 1965 314 DECANI
2004 258 2061 313 S.
2103 255 2436 324 QUINTINI
2474 258 2864 316 VIROMAND.

394 387 573 447 Malas
598 390 656 443 et
680 385 862 441 frenis
891 385 1156 441 consutis
1187 384 1529 456 stringeque
1559 383 1833 438 habenis.

398 477 491 535 Sic
518 474 739 548 poteris
764 474 967 531 forsan
996 488 1319 546 peragrare
1342 474 1503 533 viam
1532 470 1923 533 luculentam,

396 566 553 633 Quin
581 580 881 638 erresque,
910 580 1074 633 ruas,
1105 563 1450 629 ofi'endaris,
1485 576 1836 635 pereasque,

3725 268 3826 326 628

2166 382 2233 437 Ni
2256 382 2584 454 opitulante
2620 387 2756 451 Deo,
2783 386 2886 457 qui
2913 386 3047 455 jure
3076 388 3407 468 triumphat
3435 391 3514 446 ab
3540 392 3683 463 alto,

2165 472 2460 543 Testeque
2492 473 2773 538 Quintino
2803 475 2863 530 ni
2894 475 3293 534 intercedente
3324 478 3523 547 beato,

2164 564 2355 633 Atque
2386 560 2536 633 ipso,
2572 562 2667 617 cui
2697 579 2858 619 nunc
2904 566 3181 621 canimus
3209 583 3345 639 quae
3377 570 3558 637 gessit
3582 577 3821 629 ovante.

1450 1034 1585 1151 LI
1614 1033 1881 1150 BER
1991 1031 2774 1156 SECUNDUS.

1987 1270 2245 1327 ROLLO

998 1456 1581 1545 PR/EFATIO
1668 1456 1932 1543 ΗΕΒ(

2274 1456 2654 1544 ΜΕΤὲἐο
2714 1461 3231 1549 ῊΕΕΙΙΒΞΛ

1687 1661 1803 1718 Cui
1837 1660 2167 1731 subjectum
2209 1661 2538 1720 Elciacum.

400 1976 609 2033 Priscis
633 1976 832 2032 insula
862 1979 1081 2044 creata,
1108 1979 1342 2032 vocata.
1382 2017 1393 2031 .
1431 2018 1443 2031 .
1481 2016 1494 2029 .
1525 1977 1707 2040 extat,

473 2064 738 2134 Pinguis,
771 2064 1063 2133 agrifelix,
1089 2064 1259 2119 dives
1288 2079 1616 2136 opumque,
1649 2061 1818 2116 laum
1842 2076 1854 2114 :

402 2152 660 2223 Gurgitis
688 2153 969 2209 immensi
991 2152 1181 2208 limbo
1206 2151 1527 2224 praecincta
1559 2148 1825 2222 perenni,

476 2241 677 2297 Mercis
704 2241 1011 2309 munifica,
1042 2241 1268 2297 [cruore
1292 2239 1656 2313 multiplicis.

404 2329 606 2385 Plures
634 2334 773 2385 sunt
797 2334 1008 2403 portus
1037 2330 1176 2386 hinc
1206 2329 1346 2385 inde
1377 2329 1748 2395 altrinsecus,
1780 2331 1960 2398 atque

477 2418 729 2474 Muneris
752 2424 811 2475 et
832 2418 981 2475 varii
1006 2418 1265 2475 navibus
1293 2417 1581 2491 impliciti.

406 2509 548 2571 Quae
575 2508 781 2577 genuit
808 2508 1099 2564 Dedalum
1129 2507 1349 2564 multas
1375 2508 1453 2564 ad
1482 2506 1662 2567 laude
1685 2505 1967 2580 peritum,

481 2600 674 2670 Supra
700 2599 868 2671 quod
897 2598 1041 2655 satis
1071 2603 1159 2655 est
1187 2598 1417 2655 artibus
1445 2603 1624 2670 atque
1649 2597 1860 2652 scium.

409 2686 521 2754 Qui
548 2687 783 2759 fugiens
812 2689 1126 2761 quondam
1153 2688 1399 2747 Minoeia
1427 2688 1654 2744 muenia
1682 2703 1820 2743 cera

477 2778 648 2835 Nexit
675 2783 813 2835 actu
843 2778 971 2836 alas
1000 2780 1253 2836 miriﬁco
1286 2779 1524 2835 sibimet

405 2868 770 2942 Prwpetibus
798 2869 1015 2942 pennis
1043 2886 1307 2926 vacuum
1337 2885 1477 2925 aera
1505 2885 1682 2941 posse
1712 2867 1899 2926 meari

478 2959 613 3030 Ipse
641 2962 827 3026 ratus,
858 2962 986 3015 tuto
1015 2958 1345 3015 consimilis
1371 2958 1618 3014 volucri.

406 3046 678 3102 Adscivit
704 3046 914 3103 levitas
944 3048 1224 3104 comitem
1257 3048 1573 3103 temeraria
1600 3051 1835 3115 natum,

480 3139 912 3208 Incautumque
942 3135 1090 3192 levis
1118 3136 1358 3193 foederis
1389 3141 1569 3208 atque
1601 3135 1818 3207 operis.

403 3224 593 3298 Inque
619 3224 777 3281 latus
806 3224 987 3281 subiit
1010 3226 1225 3299 pennis
1257 3227 1457 3282 Icarus
1495 3225 1681 3298 patris
1713 3223 1858 3280 actis

474 3314 763 3371 Patrizare
792 3314 999 3371 volens
1028 3315 1213 3385 aliger
1240 3314 1593 3388 intrepidus.
1670 3380 1677 3388 ο

403 3398 663 3459 Dedalus
692 3404 770 3459 ad
800 3404 1026 3473 gelidas
1052 3409 1222 3477 pater
1248 3404 1503 3478 impiger
1540 3402 1737 3459 evolat
1762 3405 1993 3473 Arctos,

477 3488 897 3562 Telluremque
923 3490 1045 3545 suis
1071 3488 1261 3560 attigit
1288 3489 1383 3544 hic
1413 3488 1688 3561 pedibus.

406 3577 714 3635 Calcidicis
739 3579 985 3636 tandem
1016 3596 1196 3652 super
1224 3578 1448 3635 adstitit
1478 3577 1716 3634 arcibus
1746 3577 1896 3650 ipse.

477 3669 705 3724 Dextris
730 3668 1051 3739 frigoribus
1077 3684 1305 3739 gnarus
1335 3667 1557 3724 habere
1593 3667 1863 3723 modum.

405 3758 615 3815 Nobile
639 3757 960 3814 delubrum
991 3758 1219 3813 Phoebo
1250 3757 1592 3828 statuitque,
1623 3756 1865 3828 dicavit,

477 3846 681 3902 Exsuit
708 3847 804 3902 hic
834 3846 964 3904 alas
993 3862 1259 3919 moxque
1291 3846 1646 3903 salutiferas.

406 3934 662 3991 Dedalea
690 3934 926 3991 soboles
956 3935 1157 3991 minus
1181 3936 1412 4005 integer
1442 3951 1578 3991 arce
1609 3934 1813 4007 pericli

476 4024 717 4079 Venturi
744 4024 1022 4080 incautus
1056 4024 1266 4079 celsior
1296 4029 1475 4096 atque
1503 4039 1738 4079 means.

406 4112 669 4171 Climatis
696 4114 919 4186 impuri
948 4114 1129 4171 subiit
1154 4114 1289 4187 plus
1320 4113 1512 4170 ardua
1531 4114 1714 4184 justo,

475 4202 623 4259 Cera
650 4218 793 4258 mox
818 4201 1049 4276 liquida
1074 4218 1278 4275 penna
1305 4202 1499 4259 soluta
1531 4206 1751 4258 manet.

403 4292 754 4361 Cognomen
783 4290 999 4363 pelago
1029 4291 1194 4347 dedit
1222 4291 1438 4347 obvius
1469 4292 1670 4346 Icarus
1700 4290 1853 4363 ipse,

475 4381 715 4451 Gurgite
740 4380 1010 4437 famosus
1039 4380 1293 4437 obrutus
1324 4380 1643 4436 undisono.

402 4470 542 4526 Hinc
571 4474 626 4526 te
653 4473 929 4526 monstra
960 4474 1187 4542 petunt,
1216 4474 1273 4526 et
1300 4468 1507 4525 fabula
1538 4470 1783 4539 contigit
1810 4470 1923 4527 ista

473 4558 739 4615 Ludicris
767 4558 973 4614 sannis
997 4558 1385 4630 ridiculisque
1413 4557 1539 4614 tibi.

399 4648 694 4705 Mucis
722 4648 987 4721 inccepto
1012 4646 1278 4705 Rollonis
1310 4646 1566 4717 grandia
1593 4646 1750 4703 facta

472 4741 891 4810 Dacorumque
914 4736 1092 4794 simul
1116 4737 1455 4809 pubetenus
1479 4737 1795 4807 juvenum.

398 4826 623 4883 Inﬁma
639 4830 943 4882 terrarum
964 4825 1200 4898 linquit,
1231 4824 1417 4881 nimis
1441 4825 1547 4880 ard
1558 4841 1635 4881 ua
1663 4831 1933 4897 captatus,

472 4911 693 4969 Dedalo
723 4913 1019 4985 quoniam
1046 4911 1231 4984 ocior,
1264 4916 1369 4968 aut
1396 4913 1583 4968 Icaro.

397 5004 553 5058 Dum
583 5002 735 5058 coelo
763 5002 1047 5058 stolidum
1075 5005 1256 5057 temet
1283 5000 1640 5073 protendere
1666 5018 1898 5074 pennas

470 5091 726 5161 Contigit
753 5091 1121 5147 immensum
1151 5090 1346 5147 ardua
1376 5091 1673 5147 materies.

396 5178 632 5234 Viribus
659 5178 1103 5236 incrementatis
1134 5177 1182 5233 si
1209 5193 1386 5250 posse
1414 5177 1640 5248 fuisset,

469 5265 678 5320 Cordis
707 5272 905 5324 mente
936 5268 1040 5338 tui,
1069 5272 1134 5324 ut
1158 5267 1265 5324 tibi
1294 5267 1444 5323 velle
1473 5272 1698 5324 manet.

394 5351 741 5423 Multiplices
766 5357 997 5427 species
1026 5357 1076 5413 si
1106 5357 1321 5412 scisses
1348 5356 1769 5425 armonicales,

471 5442 719 5497 Servant
744 5442 1063 5500 discrimen
1093 5462 1230 5517 quae
1260 5446 1450 5502 tribus
1480 5446 1540 5502 in
1571 5446 1860 5516 gradibus

398 5526 722 5582 Dulcicano
752 5530 950 5585 sonitu
974 5532 1267 5602 quivisses
1293 5534 1444 5589 inter
1469 5533 1698 5590 colores

470 5612 722 5669 Psallere
750 5618 1052 5690 praecipue
1082 5622 1356 5677 cantibus
1385 5624 1727 5681 armonicis.

398 5701 761 5762 Octomedos
787 5705 985 5781 quivis
1011 5706 1302 5766 haerentes
1338 5711 1402 5768 in
1431 5712 1797 5772 tetracordis.

2100 1970 2148 2022 Α
2247 1971 2408 2035 Quos
2433 1972 2806 2032 diatessaron
2838 1981 2893 2032 et
2918 1977 3196 2049 diapente
3228 1976 3402 2039 favet.

2174 2059 2632 2134 Commistisque
2663 2064 2815 2119 tonis
2845 2082 3000 2137 quos
3028 2066 3275 2121 dissona
3303 2065 3505 2121 limate
3536 2066 3808 2125 formant

2246 2152 2535 2221 Expensis
2567 2153 2708 2208 artis
2739 2154 3083 2226 disparibus
3114 2157 3398 2210 numeris.

2174 2240 2391 2311 Sexqui
2422 2247 2635 2298 octava
2667 2249 2875 2316 tonum
2904 2246 3193 2316 quoniam
3220 2246 3527 2318 proportio
3553 2245 3805 2317 claudit,

2248 2332 2312 2383 Et
2340 2329 2711 2388 diatessaron
2746 2350 2863 2405 pax
2893 2336 3124 2406 epitrita
3154 2336 3315 2404 ligat.

2175 2420 2241 2473 Et
2266 2419 2544 2491 diapente
2576 2423 2836 2478 melodia
2866 2424 2971 2479 rite
2998 2425 3236 2479 emiolia
3266 2425 3473 2491 sancit,

2244 2508 2490 2566 Servata
2516 2510 2645 2581 lege
2677 2512 2819 2567 artis
2849 2514 3253 2569 arithmeticae.

2177 2599 2242 2652 Et
2266 2597 2660 2685 diatessaron,
2692 2601 2994 2673 diapente,
3028 2602 3204 2657 simul
3234 2602 3529 2673 diapason

2249 2688 2487 2743 Sancito
2516 2688 2704 2761 duplo
2736 2692 3051 2763 perficiunt
3075 2707 3348 2747 numero.

2178 2776 2447 2848 Triplieis
2479 2783 2536 2833 et
2565 2779 2772 2834 formas
2804 2780 3100 2851 diapason
3128 2785 3184 2835 et
3213 2781 3514 2852 diapente,

2248 2865 2461 2938 Bisque
2492 2866 2788 2939 diapason
2819 2869 3159 2941 quadrupla
3187 2869 3538 2925 consolidat.

2179 2957 2305 3009 Icor
2335 2971 2494 3009 nunc
2535 2957 2733 3011 nimiis
2764 2958 3118 3012 raneoribus
3149 2963 3327 3030 atque
3352 2973 3676 3030 repungor,

2252 3046 2317 3097 Et
2343 3043 2615 3099 stimulor
2640 3046 2935 3117 pavitans,
2970 3047 3441 3119 concutitiorque
3473 3053 3758 3103 tremens.

2179 3133 2300 3188 Ha!
2336 3148 2410 3187 ne
2444 3138 2495 3189 te
2528 3134 2813 3203 subigant
2843 3136 3157 3191 temeraria
3186 3136 3416 3191 ludicra
3449 3136 3629 3206 vulgi,

2250 3222 2336 3277 Ha
2363 3222 2374 3277 Ξ
2406 3238 2480 3277 ne
2514 3223 2878 3295 praecipitem
2910 3224 3162 3279 fulmina
3192 3224 3555 3280 concutiant.

2101 3315 2141 3367 Β
2178 3312 2390 3365 Erutus
2417 3310 2645 3365 insidiis
2676 3328 2796 3383 quo
2830 3312 3021 3383 possis
3046 3314 3181 3382 jure
3212 3313 3383 3379 tueri,

2250 3404 2394 3455 Ecce
2428 3401 2665 3456 salubre
2693 3402 2795 3457 tibi
2824 3403 3027 3475 accipe
3059 3404 3395 3459 consilium.

2177 3490 2558 3561 Propositum
2588 3491 2785 3546 cordis
2818 3492 3071 3547 Domino
3103 3493 3341 3547 comitte
3372 3493 3622 3559 tonanti,

2250 3578 2499 3634 Ludicra
2525 3579 2853 3651 disperdat,
2888 3580 3126 3649 fulgura
3155 3581 3452 3636 discutiat.

2177 3668 2463 3723 Munitum
2495 3668 2719 3723 sensim
2751 3674 3005 3741 pontum
3033 3675 3085 3724 te
3116 3670 3411 3742 provehat
3440 3669 3595 3724 ultra

2250 3757 2527 3812 Flaminis
2558 3758 2826 3814 almitluo
2854 3760 2988 3814 alite
3020 3759 3297 3831 septiﬂui.

2176 3849 2368 3918 Atque
2401 3847 2529 3902 solo
2563 3852 2741 3903 temet
2772 3849 2944 3903 sistat
2968 3848 3178 3920 pingui
3209 3852 3263 3904 et
3294 3847 3527 3917 eereali,

2250 3934 2465 3990 Evulso
2495 3952 2740 3991 nemore
2772 3936 2996 3991 fruticis
3025 3941 3081 3991 et
3111 3935 3310 3990 silicis.

2178 4023 2614 4096 Rhetorieoque
2646 4029 2816 4079 tuum
2848 4024 3151 4080 faecundet
3179 4030 3417 4080 nectare
3451 4040 3697 4081 sensum

2246 4112 2557 4168 Armorico
2590 4114 2809 4185 pariter
2838 4113 3067 4169 debriet
3093 4118 3152 4169 et
3170 4113 3441 4169 modulo.

2177 4200 2485 4272 Acquisita
2514 4201 2645 4257 aliis
2676 4202 2902 4274 plectro
2929 4219 3067 4257 eum
3098 4202 3320 4258 ﬁdibus
3348 4202 3432 4257 ita

2246 4290 2592 4346 Ymnizante
2620 4290 2810 4346 melos
2841 4291 3098 4363 psallere
3128 4308 3277 4347 voce
3306 4308 3514 4363 queas.

2178 4385 2191 4433 ζ
2220 4379 2426 4434 .itricio
2456 4380 2627 4435 caecis
2659 4381 2858 4447 oculo,
2890 4380 2975 4435 cla
2989 4381 3141 4448 udis,
3169 4381 3532 4453 baculoque,

2248 4468 2518 4523 Ecclesiae
2548 4469 2775 4539 decori,
2798 4470 3295 4543 pauperibusque
3322 4470 3477 4526 cibo.

2173 4557 2439 4631 Orphani
2469 4562 2526 4613 et
2551 4558 2761 4625 exulis,
2790 4563 2883 4614 ast
2906 4558 3123 4631 inopis,
3157 4559 3474 4631 viduaeque
3500 4557 3779 4627 vagantis

2098 4658 2140 4715 c
2242 4649 2490 4702 Summo
2520 4647 2700 4703 tutori
2728 4648 2951 4703 ordinis
2984 4652 3163 4720 atque
3194 4648 3366 4704 sacri.

2172 4737 2299 4791 Huc
2325 4737 2477 4808 pede
2501 4753 2760 4793 arenoso
2790 4753 3147 4809 quanquam
3177 4738 3530 4793 devenimus
3555 4722 3776 4808 usque,

2245 4828 2425 4882 Caeno
2455 4829 2511 4880 et
2540 4842 2747 4896 gressu
2772 4825 3117 4899 difﬁcilique
3142 4826 3259 4883 via.

2174 4914 2423 4970 Ulterius
2454 4919 2723 4969 nostrum
2758 4931 3051 4970 conamur
3072 4916 3313 4971 tendere
3340 4930 3636 4984 gressum,

2243 4990 2358 5057 Sed
2387 5018 2498 5057 nos
2527 5001 2778 5057 dilaniat
2804 5003 3063 5058 materia:
3091 5004 3350 5058 novitas.

2171 5094 2301 5147 Non
2326 5092 2459 5163 opis
2488 5092 2570 5145 ire
2596 5091 2863 5162 quidem,
2898 5098 3223 5163 nostroque
3253 5092 3521 5146 insistere
3552 5094 3776 5162 empto,

2242 5181 2467 5252 Nempe
2499 5178 2755 5247 fatigatis
2784 5180 3048 5250 pondere
3079 5179 3402 5252 praevideo.

2169 5271 2561 5339 Praemagnus
2591 5273 2680 5323 est
2706 5268 2881 5324 nobis
2911 5269 2933 5289 "
2961 5270 3255 5325 dimittere
3294 5269 3551 5339 fascem,-

2240 5358 2564 5415 Garrulitas
2588 5357 2715 5426 erit,
2747 5362 2805 5413 et
2831 5357 3151 5414 ridiculum
3176 5358 3451 5415 nimium.

2167 5446 2501 5504 Formieare
2532 5446 2740 5501 valens
2773 5446 3053 5502 informia
3083 5451 3300 5503 cuncta
3327 5450 3622 5518 potenter,

2238 5538 2525 5607 Donaque
2551 5534 2918 5590 distribuens
2944 5535 3200 5591 nectaris
3228 5535 3477 5591 uranici.

2161 5624 2412 5698 Spiritus
2443 5624 2619 5693 alme,
2651 5624 2805 5692 veni,
2836 5625 3003 5681 nasci
3032 5625 3135 5697 qui
3166 5625 3347 5681 verba
3371 5623 3608 5693 dedisti,

2230 5714 2450 5770 Sensus
2480 5714 2742 5772 accende
2771 5714 3082 5773 viviﬁcans
3108 5714 3372 5773 hebetes.
