3968 6376
137 256 248 310 629

134 378 268 433 Huc
303 393 515 450 precor
545 381 768 454 aspira,
800 382 965 438 fusas
997 401 1136 456 spes
1167 391 1346 457 atque
1375 387 1644 455 refundc,

211 473 401 523 Antra
425 469 545 524 mei
577 471 802 526 sensim
829 475 1082 544 pectoris
1114 475 1428 531 irradians.

134 559 408 627 Tangere
438 574 563 630 quo
593 562 824 631 possim
875 567 1050 618 tanta:
1085 569 1221 619 ante
1273 565 1588 620 cacumina
1615 565 1808 631 molis,

213 649 576 718 lntcmptata
607 649 760 720 stylo
792 665 1034 716 surgere
1065 652 1356 720 largitlue.

135 735 428 790 Prosaico
457 737 713 793 referam
744 739 1002 795 breviter
1030 758 1408 814 quaecunque
1441 743 1647 808 relatu,

209 827 287 880 Te
318 825 620 892 collatore,
665 832 717 882 te
748 828 922 897 duce,
958 835 1010 885 te
1041 832 1283 887 artifice.

209 916 363 969 Cum
421 931 685 987 superna
766 919 997 972 Deificaa
1064 919 1356 976 Trinitatis
1416 919 1805 992 providentia,

134 1002 316 1072 cujus
349 1008 499 1058 nutu
542 1006 772 1062 variata
800 1007 1168 1063 volventium
1221 1015 1561 1082 temporum
1591 1009 1810 1064 vicissi-

135 1089 349 1144 tudine
399 1091 772 1148 alternantur
802 1095 1024 1161 omnia,
1072 1104 1338 1152 cerneret
1363 1097 1681 1152 clementer
1710 1100 1808 1151 Ec-

134 1177 386 1233 clesiam
419 1187 626 1236 sancto
656 1183 947 1250 sanguine
981 1185 1376 1257 redemptam,
1403 1188 1674 1258 sacrique
1705 1185 1808 1240 ba-

135 1267 435 1338 ptismatis
466 1269 639 1326 latice
683 1273 985 1343 profusius
1030 1276 1433 1340 emendatam,
1469 1275 1701 1346 oleique
1751 1279 1806 1330 et

135 1355 481 1413 chrismatis
539 1359 768 1432 liquore
828 1363 1135 1430 insigniter
1185 1364 1537 1433 delibutum,
1597 1380 1804 1436 supra-

135 1445 372 1516 scriptis
403 1446 662 1504 breviter
684 1450 924 1505 casibus
946 1452 1287 1507 immaniter
1317 1453 1632 1508 afﬂictam:
1667 1468 1804 1507 con-

135 1534 320 1589 tinnis
354 1537 827 1594 Christianorum
860 1542 1139 1613 precibus
1172 1543 1515 1614 suppliciter
1543 1543 1800 1615 pulsata,

132 1639 258 1678 non
289 1625 518 1682 desistit
573 1627 652 1682 illi
703 1629 1004 1685 salutifera
1057 1632 1324 1701 praebere
1369 1632 1674 1701 suffragia,
1730 1647 1800 1685 ex

132 1712 440 1770 ferocitate
463 1734 634 1770 saevae
667 1719 1004 1785 gentilitatis
1032 1721 1364 1790 Dacigena:
1400 1726 1462 1775 ut
1491 1721 1650 1775 unde
1682 1721 1803 1776 fue-
1841 1743 1879 1798 Β
1911 1721 2056 1775 mini
2088 1722 2263 1775 nobis
2307 1722 2470 1776 omni
2505 1737 2608 1792 spe
2641 1726 2697 1775 et
2742 1720 2930 1774 salute
2979 1718 3290 1773 destitutis.
3343 1742 3367 1765 ››

131 1809 225 1858 rat
253 1803 528 1860 ﬂebiliter
559 1808 799 1877 afflicta,
836 1809 974 1864 inde
1024 1815 1180 1864 esset
1229 1810 1468 1865 viriliter
1494 1815 1798 1879 vegetata;

132 1897 191 1947 et
232 1894 446 1965 quibus
472 1896 531 1951 in
584 1913 852 1969 praeceps
903 1899 1093 1970 lapsa,-
1139 1901 1232 1954 his
1268 1901 1417 1954 caelo
1446 1905 1616 1955 tenus
1643 1901 1802 1955 exul-

133 1986 296 2036 tata:
343 1999 726 2058 quorumque
777 1994 912 2042 actu
972 1990 1351 2061 floccipensa,
1404 1991 1618 2044 borum
1670 2007 1800 2044 mu-

131 2087 276 2126 nere
305 2074 560 2130 refecta:
614 2092 875 2147 quorum
915 2078 1247 2149 frequentia
1295 2079 1665 2146 conculcata,
1695 2080 1797 2133 ho-

131 2176 270 2215 rum
316 2178 465 2217 auro
508 2166 884 2238 gemmisque
933 2173 1175 2222 ornata:
1209 2184 1471 2238 quorum
1521 2169 1793 2238 prmdutu

131 2265 432 2321 pannosa,
466 2253 684 2310 horum
725 2256 888 2312 dono
929 2263 1166 2328 compte
1199 2258 1462 2329 palliata.
1499 2258 1796 2312 Concretis

132 2339 312 2406 igitur
362 2341 632 2398 humana
679 2345 963 2400 connubii
1013 2349 1322 2417 stuprique
1366 2345 1583 2417 copula
1611 2345 1795 2416 pluri-

133 2428 249 2481 mis
284 2431 720 2496 Dacigenarum
763 2433 1017 2504 pubium
1060 2436 1290 2501 turmis,
1339 2434 1572 2506 illisque
1617 2433 1796 2488 bello-

134 2532 268 2571 rum
311 2519 591 2575 incendia
639 2522 790 2577 inter
817 2540 899 2584 se,
929 2529 984 2578 et
1028 2524 1087 2577 in
1127 2528 1347 2595 patres,
1376 2528 1432 2578 et
1463 2523 1796 2578 avunculos

134 2601 472 2672 frequenter
514 2607 994 2677 suggerentibus,
1044 2621 1254 2662 omnes
1315 2608 1622 2676 Dacigenaa
1673 2623 1796 2661 ma-

129 2706 288 2759 jores
344 2699 491 2748 natu
521 2700 577 2750 et
632 2701 920 2767 potestate
976 2697 1050 2751 ad
1113 2713 1316 2764 regem
1349 2696 1792 2759 convenientes,

131 2778 409 2836 dixerunt
443 2783 797 2838 unanimes:
854 2784 1210 2855 Respublica
1239 2784 1436 2839 hostili
1481 2784 1794 2840 invasione

132 2885 280 2923 steve
307 2871 686 2943 opprimitur,
727 2873 1109 2944 ﬁliorumque
1137 2879 1191 2929 et
1242 2878 1528 2945 nepotum
1563 2878 1792 2927 nostro-

129 2973 259 3012 rum
287 2960 641 3015 contritione
691 2963 1040 3018 concutitur.
1089 2963 1481 3018 Constitutum
1526 2977 1792 3034 namque

131 3052 339 3103 nostrae
422 3050 791 3122 antiquitatis
873 3053 1052 3107 ritum
1135 3053 1573 3117 abdicavimus,
1657 3051 1792 3106 ideo

127 3137 383 3194 Daciscae
438 3141 631 3208 gentis
683 3141 946 3214 populus
993 3142 1445 3214 quamplurima
1475 3142 1636 3198 mala
1666 3157 1793 3213 per-

127 3242 336 3298 pessus
367 3230 732 3286 annullatur.
785 3232 1038 3287 Consule
1064 3233 1259 3302 igitur,
1295 3236 1431 3299 Rex,
1462 3249 1648 3301 regno
1679 3232 1792 3286 ritu

126 3318 460 3387 veterrimo,
507 3320 673 3391 quod
729 3333 931 3389 regere
984 3321 1234 3392 paciﬁco
1284 3322 1469 3377 debes
1517 3321 1788 3393 imperio.

125 3408 401 3464 Pestifera
448 3410 961 3481 ncquissimorum
991 3412 1257 3466 hostium
1301 3412 1397 3466 lue
1427 3418 1792 3483 expurgetur

129 3497 324 3566 Dacia,
358 3503 422 3554 ut
449 3500 670 3554 residui
723 3501 916 3555 vivere
956 3506 1012 3556 et
1059 3502 1428 3574 requiescere
1479 3501 1790 3573 possimus

125 3600 270 3655 pace
327 3594 638 3659 perpetua.
701 3591 967 3654 Quorum
1024 3589 1290 3644 consiliis
1340 3607 1443 3644 rex
1509 3589 1790 3644 attentius

126 3676 534 3746 acquiescens,
593 3695 838 3750 suaeque
895 3679 1312 3751 praeceptionis
1369 3679 1629 3734 edictum
1683 3693 1789 3751 per

126 3768 343 3820 terram
377 3766 470 3820 sui
498 3766 727 3838 imperii
779 3768 1056 3824 velociter
1084 3768 1366 3837 dirigens,
1402 3772 1464 3823 ut
1488 3767 1788 3822 describe-

123 3859 326 3908 rentur
356 3860 604 3926 nepotes
633 3861 689 3911 et
717 3856 820 3910 filii
845 3873 999 3928 quos
1027 3874 1154 3912 sors
1183 3857 1466 3928 reperiret
1490 3855 1788 3928 expulsio-

119 3941 232 4007 nis,
260 3943 442 4012 jussit
472 3948 743 4016 satrapas
765 3945 919 4000 illius
947 3951 1113 4000 terrae
1144 3946 1352 4001 adesse
1380 3945 1490 4000 sibi
1515 3945 1786 4017 praascri-

121 4031 201 4102 pti
232 4031 350 4087 diei
370 4035 1087 4105 tempore.Hujuscemodi
1113 4034 1274 4090 fama
1302 4034 1594 4102 regalium
1624 4033 1786 4103 lega-

122 4120 352 4176 tionum
382 4138 524 4177 mox
574 4123 823 4195 percutit
853 4129 1080 4179 mentes
1128 4123 1605 4195 pubescentium.
1652 4129 1786 4180 Tre-

119 4211 275 4282 pidis
353 4211 536 4267 anxia
605 4212 910 4268 sententiis
984 4212 1221 4268 illorum
1299 4214 1482 4269 corda
1553 4219 1784 4281 nutant,

117 4300 478 4372 incertisque
509 4300 719 4356 futuris
751 4301 955 4371 ignota
999 4302 1308 4358 fluctuant.
1342 4305 1528 4358 Haeret
1548 4303 1784 4358 illorum

119 4389 491 4462 stupefactus
563 4390 822 4457 animus,
884 4407 1136 4445 cernens
1190 4391 1495 4460 incognita
1551 4409 1782 4447 sensus.

119 4479 274 4544 Quin
305 4478 406 4533 illo
437 4478 643 4549 indiga
676 4479 791 4534 veri
824 4495 967 4535 cura
993 4479 1216 4548 fatigat,
1276 4495 1532 4553 spesque
1563 4481 1786 4537 incerta

117 4567 340 4622 dubios
370 4567 639 4624 dilaniat.
675 4569 971 4624 Incertum
1021 4575 1147 4624 erat
1193 4569 1306 4624 illis
1345 4570 1623 4641 praescire
1650 4587 1786 4642 quae

118 4657 413 4712 sententia
443 4657 796 4713 volvebatur
826 4659 885 4713 in
917 4658 1072 4728 regis
1101 4658 1300 4714 corde.

190 4745 310 4800 Illis
337 4761 476 4802 vero
506 4745 569 4800 in
599 4745 813 4802 diebus
863 4762 1043 4802 senex
1065 4746 1315 4818 quidam
1346 4751 1471 4803 erat
1510 4747 1573 4802 in
1602 4749 1785 4819 parti-

117 4835 234 4890 bus
267 4835 458 4890 Daciee
491 4836 765 4891 omnium
817 4851 1017 4891 rerum
1045 4835 1351 4892 afﬂuentia
1393 4835 1786 4908 locupletissi-

119 4941 279 4993 mus,
306 4924 960 4997 innumerabiliumquc
1021 4925 1275 4981 militum
1319 4924 1649 4997 frequentia
1677 4943 1785 4982 un-

118 5012 301 5084 dique
357 5029 534 5069 secus
586 5013 874 5085 stipatus:
931 5013 1036 5086 qui
1078 5028 1396 5084 nunquam
1453 5012 1606 5068 colla
1661 5028 1784 5068 sua:

116 5101 364 5156 cervicis
440 5101 703 5172 cuipiam
781 5101 905 5170 regi
984 5100 1220 5168 subegit
1288 5115 1397 5154 nec
1468 5097 1786 5169 cujuslibet

114 5190 400 5246 manibus
457 5190 648 5258 gratia
713 5190 933 5246 servitii
1002 5205 1222 5244 manus
1289 5204 1429 5244 suas
1482 5203 1785 5244 commen-

112 5279 319 5334 dando
371 5278 694 5334 commisit.
744 5280 855 5343 Qui
908 5278 1098 5335 Daciae
1147 5292 1402 5346 regnum
1450 5291 1604 5349 pene
1650 5276 1783 5332 uni-

112 5384 352 5423 versum
383 5366 722 5439 possidens,
769 5366 980 5423 afﬁnes
1027 5367 1216 5422 Daciae
1247 5371 1304 5422 et
1342 5365 1566 5422 Alaniae
1597 5369 1784 5420 terras

113 5457 222 5514 sibi
247 5455 598 5523 vindicavit,
646 5456 1028 5528 populosque
1071 5455 1183 5512 sibi
1223 5455 1437 5528 praeliis
1460 5455 1784 5528 quamplu-

110 5548 277 5603 rimis
302 5545 364 5601 vi
423 5548 481 5599 et
518 5548 816 5616 potestate
869 5544 1234 5615 subjugavit.
1288 5548 1423 5600 Erat
1469 5544 1629 5600 enim
1657 5561 1782 5600 om-

110 5637 279 5693 nium
358 5633 749 5690 Orientalium
801 5635 1210 5705 praestantiore
1274 5635 1487 5692 virtute
1553 5650 1785 5708 prtepo-

112 5726 509 5795 tentissimus,
565 5729 1042 5801 cunctarumque
1091 5729 1453 5798 exaggerato
1509 5725 1784 5784 omnium

797 261 886 314 DE
926 261 1160 315 GESTlS
1200 263 1627 318 ΝΟΒΜΑΝΝΙᾹ]
1669 264 1711 318 D

1976 263 2129 318 .IBRI
2169 265 2363 330 TRES,
2409 267 2537 321 LIB.
2587 264 2654 319 ῙΙ.
2699 263 2948 320 ROLLO.

1846 393 1891 445 Α
1924 387 2207 442 virtutum
2241 389 2484 443 cumulo
2514 385 3110 458 praecellentissimus.
3133 384 3419 439 Defuncto
3444 400 3585 440 vero

3482 265 3585 317 630

1922 476 2042 540 illo,
2097 479 2552 550 supcrstiterunt
2603 478 2726 532 duo
2756 475 2857 530 filii
2888 476 3040 544 ejus,
3098 476 3281 529 armis
3337 474 3581 541 strenui,

1920 565 2092 620 bellis
2147 569 2360 638 edocti,
2420 583 2669 641 corpore
2729 564 3137 640 pulcherrimi,
3208 563 3586 620 animositate

1921 654 2344 711 robustissimi.
2407 660 2671 722 Quorum
2729 671 2866 710 vero
2921 653 3118 722 major
3176 659 3321 707 natu
3373 655 3582 717 ROLLo,

1921 743 2067 797 alter
2097 762 2237 799 vero
2281 747 2486 815 junior
2516 749 2695 800 Grani
2738 747 3140 814 nuncupatur.
3193 743 3354 805 Quos
3398 741 3585 811 regali

1913 832 2185 901 jussione
2220 835 2496 906 descripti
2526 835 2778 904 juvenes
2800 833 2873 886 ad
2895 830 3450 885 exterminationem
3482 846 3582 898 ag-

1919 921 2274 991 gredientes,
2309 939 2587 994 genuque
2615 923 2791 990 flexo,
2824 920 3112 990 vultuque
3144 918 3470 987 submisso,
3493 924 3582 974 at-

1915 1009 2275 1080 quebumlli
2326 1028 2471 1066 voce
2500 1010 2717 1065 obnixe
2744 1012 3080 1082 poscentes,
3131 1007 3409 1078 inquiunt
3433 1021 3580 1062 una-

1914 1097 2108 1152 nimes
2135 1117 2146 1152 :

1987 1208 2012 1234 u
2069 1189 2231 1242 Ferte
2286 1188 2459 1242 nobis
2517 1187 2826 1250 auxilium,
2889 1185 3200 1240 subvenite
3273 1183 3450 1238 nobis
3518 1183 3578 1238 in

1913 1275 2314 1345 adjutorium:
2362 1277 2474 1332 sub
2508 1276 2687 1332 tutela
2722 1281 2930 1330 vestra:
2963 1273 3345 1345 protectionis
3382 1288 3580 1327 mora-

1911 1363 2131 1431 bimur,
2192 1372 2576 1438 vestrumque
2632 1365 2940 1420 servitium
2995 1363 3360 1417 incessanter
3404 1361 3577 1416 facie-

1913 1469 2070 1508 mus.
2131 1456 2247 1508 Rex
2296 1459 2496 1509 autem
2552 1459 2752 1508 noster
2781 1452 2970 1507 vulta
3022 1452 3201 1506 Dacia
3237 1466 3349 1504 nos
3389 1454 3576 1505 exter-

1913 1544 2161 1608 minare,
2217 1545 2535 1616 fundisque
2583 1544 2800 1598 nostris
2867 1546 3046 1613 atque
3111 1540 3416 1596 beneficiis
3463 1556 3574 1594 nos

1911 1648 2017 1704 per
2047 1631 2253 1686 omnia
2297 1633 2549 1704 privare.
2599 1631 2970 1698 Miseremini,
3011 1643 3348 1700 precamur,
3396 1627 3573 1682 mise-

3409 1720 3571 1772 Tunc

1909 1809 2031 1863 duo
2070 1809 2151 1863 illi
2203 1810 2410 1864 fratres
2458 1809 2802 1880 suppliciter
2831 1806 3218 1879 precantibus
3244 1805 3572 1876 responde-

1907 1902 2065 1962 runt,
2099 1898 2399 1952 dicentes:
2437 1921 2462 1946 «
2497 1897 2933 1952 Auxiliabimur
2981 1895 3203 1967 optime
3238 1893 3428 1956 vobis,
3473 1909 3570 1946 vo-

1909 2003 2057 2058 sque
2090 1987 2381 2055 regalium
2410 1987 2711 2041 minarum
2745 2001 2985 2040 securos
3025 1984 3248 2039 morari
3277 1984 3336 2037 in
3369 1982 3568 2050 Dacia,

1907 2082 2086 2147 atque
2119 2092 2210 2130 res
2255 2082 2461 2130 vestrae
2494 2075 2872 2147 proprietatis
2912 2075 3200 2129 faciemus
3249 2072 3444 2144 quiete
3494 2076 3572 2125 te-

1905 2181 2066 2220 nere.
2101 2188 2125 2212 »)
2159 2165 2239 2220 Illi
2273 2171 2473 2219 autem
2524 2166 2650 2218 luec
2681 2163 3014 2231 audientes,
3070 2161 3328 2218 Rollonis
3378 2165 3433 2215 et
3459 2162 3573 2214 Gu-

1904 2253 2018 2308 rim
2045 2253 2250 2308 osculo
2302 2253 2711 2324 expetiverunt
2758 2252 2960 2324 pedes,
2996 2255 3175 2314 atque
3205 2249 3360 2304 illico
3391 2261 3574 2320 super

1904 2343 2076 2398 dictis
2120 2342 2464 2414 principum
2509 2345 2856 2396 remearunt
2904 2340 3292 2410 gratulantes.
3346 2343 3572 2393 Interea

1904 2431 2165 2486 veridica
2195 2431 2495 2502 opinionis
2526 2429 2944 2502 promulgatur
2973 2430 3156 2497 fama,
3190 2427 3344 2496 regis
3376 2425 3569 2481 Dacim

1905 2537 2080 2575 aures
2110 2520 2382 2592 pulsans,
2412 2520 2575 2591 quod
2613 2519 2736 2574 dux
2766 2517 3366 2590 przepotentissimus,
3399 2519 3569 2587 pater

1906 2609 2125 2664 scilicet
2154 2609 2416 2664 Bollonis
2469 2615 2524 2664 et
2553 2609 2756 2663 Gurim
2793 2614 2948 2664 sorte
3003 2608 3227 2662 fruetur
3257 2619 3564 2676 suprema.

1903 2701 2064 2753 Tunc
2093 2713 2194 2752 rex
2226 2703 2362 2752 ante
2391 2697 2711 2764 malorum,
2745 2711 2881 2768 quae
2914 2695 3025 2750 sibi
3074 2695 3166 2749 ille
3198 2694 3321 2748 dux
3349 2692 3564 2759 intulit,

1902 2786 2312 2851 reminiscens,
2363 2785 2590 2840 cunctis
2634 2785 2724 2840 sui
2753 2784 2988 2856 imperii
3017 2781 3315 2839 accersitis
3353 2781 3570 2854 princi-

1903 2875 2102 2947 pibus,
2163 2874 2391 2946 inquit:
2427 2895 2452 2921 «
2488 2877 2600 2929 Vos
2654 2889 2777 2928 non
2834 2872 2973 2928 latet
3018 2878 3251 2945 patrem
3304 2869 3567 2926 Rollonis

1905 2987 1930 3013 ‹‹
1975 2969 2031 3019 et
2093 2963 2299 3018 Gurim
2371 2980 2501 3018 esse
2579 2963 2952 3018 defunctum.
3025 2960 3354 3030 Aggrediar
3423 2974 3565 3027 ergo

1834 3091 1873 3151 ρ
1905 3076 1930 3100 ‹‹
1975 3051 2123 3107 ﬁnes
2154 3052 2412 3118 illorum,
2456 3056 2510 3106 et
2542 3052 2778 3124 capiam
2826 3051 3006 3106 urbes
3033 3055 3087 3105 et
3133 3054 3354 3118 castra,
3387 3051 3567 3119 atque

1904 3142 2380 3197 «munitissima
2454 3142 2606 3208 loca,
2688 3141 3062 3212 ulcircarque
3143 3142 3301 3193 facta
3380 3135 3564 3209 patris

1903 3256 1929 3280 «
1973 3232 2032 3287 in
2106 3232 2280 3303 tilios,
2344 3247 2566 3303 eosque
2633 3231 2998 3287 conterendo
3070 3228 3335 3285 satiabor
3387 3241 3568 3298 super

1903 3345 1928 3368 «
1972 3321 2146 3376 malis
2177 3321 2436 3376 illorum.
2488 3324 2600 3376 Vos
2632 3326 2947 3392 vctrosque
2998 3334 3210 3392 precor
3234 3320 3566 3390 praeparate

1901 3431 1928 3460 ‹‹
1971 3411 2049 3466 ad
2103 3411 2244 3466 talia
2296 3411 2534 3481 negotia
2598 3410 3008 3483 adimplenda.
3069 3431 3096 3458 υ
3172 3406 3565 3463 Denominato

1897 3499 2076 3569 igitur
2133 3501 2384 3555 termino
2446 3499 2848 3572 profectionis,
2925 3499 3330 3568 undecunque
3384 3511 3564 3551 vene-

1896 3593 2033 3644 rant
2105 3588 2468 3660 repedarunt
2519 3604 2657 3643 cum
2711 3589 2853 3642 suis.
2932 3590 3061 3643 Mox
3126 3586 3309 3640 effera
3372 3585 3563 3638 Dacia;

1890 3681 2198 3748 juventus,
2255 3676 2444 3732 nimio
2510 3692 2794 3732 curarum
2860 3676 3100 3731 inhians
3165 3673 3355 3739 aestui,
3423 3686 3562 3743 quae

1897 3767 2220 3822 commoda
2252 3769 2392 3820 sunt
2433 3771 2737 3839 praeparat
2783 3765 2948 3820 nullo
2974 3764 3262 3837 profectu.
3307 3761 3375 3816 Hi
3401 3761 3562 3816 leves

1896 3857 2162 3930 clypeos,
2236 3856 2555 3928 lucidaque
2633 3856 2883 3929 spicula,
2939 3855 3136 3911 fabrili
3202 3853 3389 3909 adulti
3437 3855 3562 3906 arte

1897 3949 2290 4018 componunt.
2355 3946 2418 4001 Hi
2490 3945 2626 4016 tela,
2685 3962 2998 4019 ensesque,
3069 3951 3250 4016 atque
3323 3956 3562 3997 secures

1897 4040 2027 4090 cote
2073 4038 2393 4090 exacuunt.
2455 4034 2564 4089 Alii
2619 4039 2747 4090 tuta
2801 4034 3065 4106 capitum
3112 4032 3397 4103 tegmina,
3449 4029 3561 4084 sci-

1895 4124 2030 4180 licet
2086 4123 2326 4193 galeas;
2377 4123 2475 4179 alii
2529 4123 2683 4180 ferro
2741 4138 3010 4196 auroque
3065 4123 3279 4179 trilices
3323 4119 3559 4184 loricas,

1897 4214 2175 4270 thoracas
2225 4213 2445 4269 scilicet
2500 4213 2744 4269 faciunt.
2804 4214 2958 4279 Quin
3003 4213 3181 4268 etiam
3225 4209 3417 4283 patria
3445 4207 3563 4263 tela

1896 4308 2231 4375 recoquunt
2271 4303 2639 4370 fornacibus,
2694 4308 3106 4374 renovantque
3137 4299 3411 4357 cudibus.
3447 4296 3564 4351 Hu-

1892 4393 1993 4463 jus
2027 4393 2110 4448 rei
2162 4391 2474 4464 inopinata
2530 4391 2695 4447 fama
2748 4391 3009 4448 Rollonis
3046 4395 3103 4446 et
3152 4389 3351 4445 Gurim
3384 4399 3560 4441 aures

1896 4481 2244 4553 perlabitur,
2297 4485 2353 4536 et
2421 4479 2552 4535 talis
2609 4479 2911 4536 relationis
2985 4491 3261 4535 sermone
3333 4479 3560 4548 pertur-

1896 4569 2136 4625 bantur.
2188 4569 2298 4633 Qui
2344 4573 2678 4625 convocata
2718 4569 2966 4641 copiosa
3011 4582 3200 4622 manu
3227 4577 3560 4633 congruen-

1895 4660 2056 4731 tique
2099 4658 2412 4730 pubertate
2463 4658 2828 4730 ﬂorentium,
2879 4659 3362 4728 congregataq'ue
3408 4653 3560 4709 mul-

1896 4748 2145 4804 titudine
2169 4747 2383 4803 mediae
2429 4747 2636 4810 astatis,
2687 4763 2898 4803 senum
2948 4751 3128 4819 atque
3173 4744 3253 4801 ad
3279 4743 3556 4800 extermi-

1893 4838 2172 4894 nandum
2224 4837 2684 4910 descriptorum,
2757 4837 2924 4894 elatis
2983 4836 3206 4892 dextris
3261 4832 3558 4890 mandant

1894 4926 2214 4984 silentium.

1965 5015 2404 5070 Tumultuantis
2425 5015 2631 5088 populi
2645 5031 2954 5070 murmure
2974 5013 3212 5087 penitus
3237 5011 3558 5081 sedato,”-

1893 5103 2105 5176 disque
2119 5104 2383 5159 decentis
2397 5109 2681 5174 suggestu
2693 5103 3025 5159 sublimiter
3036 5102 3278 5158 Rollone
3292 5099 3554 5167 suffecto,

1893 5191 2025 5248 inﬁt
2051 5208 2153 5248 ore
2185 5192 2504 5248 melliﬂuo:
2531 5214 2560 5240 α
2595 5195 2730 5261 Vos,
2753 5191 2978 5263 quibus
3008 5189 3308 5246 incalescit
3327 5188 3558 5259 juveni—

1893 5279 1964 5335 lis
1995 5280 2196 5349 ardor,
2228 5280 2454 5352 quique
2484 5281 2629 5337 ﬂore
2673 5279 3103 5352 praestantioris
3149 5279 3272 5334 istis
3298 5278 3551 5346 virtutis,

1894 5368 2405 5440 alloquor.Solerti
2429 5367 2740 5442 proposito
2761 5367 3128 5424 reverendas
3153 5372 3559 5441 patres,avos-

1892 5473 2010 5530 que
2036 5462 2092 5512 et
2117 5473 2380 5529 proavos
2421 5456 2807 5513 imitaminor.
2857 5456 3260 5513 Convalescite
3289 5455 3552 5524 viriliter,

1893 5553 1950 5602 et
1998 5546 2490 5614 confortaminor,
2541 5551 2697 5603 etne
2726 5551 2794 5602 ut
2833 5547 3133 5620 equiperis
3179 5547 3412 5604 vicibus
3439 5547 3554 5602 illis

1889 5635 2134 5692 valeatis
2163 5641 2560 5706 congruenter
2583 5636 2898 5692 convenire
2927 5636 3407 5708 dedignaminor.
3433 5639 3555 5692 Rex

1891 5723 2190 5799 siquidem
2216 5724 2400 5798 hujus
2427 5725 2598 5798 regni
2628 5725 2872 5785 molitur
2886 5741 3012 5785 .nos
3050 5724 3418 5802 supergredi,
3447 5739 3553 5780 no—
