  <div class='ocr_page' id='page_1' title='image "/cluster/home/n/w/nwhite01/storage/ocr_20150623/140-141/uc1.31175018559917/891.png"; bbox 0 0 3878 6410; ppageno 0'>
   <div class='ocr_carea' id='block_1_1' title="bbox 420 277 515 331">
    <p class='ocr_par' dir='ltr' id='par_1_1' title="bbox 420 277 515 331">
     <span class='ocr_line' id='line_1_1' title="bbox 420 277 515 331; baseline -0.032 0"><span class='ocrx_word' id='word_1_1' title='bbox 420 277 515 331; x_wconf 82' lang='grc'>631</span> 
     </span>
    </p>
   </div>
   <div class='ocr_carea' id='block_1_2' title="bbox 1394 252 2863 323">
    <p class='ocr_par' dir='ltr' id='par_1_2' title="bbox 1394 252 2863 323">
     <span class='ocr_line' id='line_1_2' title="bbox 1394 252 2863 323; baseline -0.006 1"><span class='ocrx_word' id='word_1_2' title='bbox 1394 266 1697 323; x_wconf 85' lang='lat' dir='ltr'>DUDONIS</span> <span class='ocrx_word' id='word_1_3' title='bbox 1736 259 1994 319; x_wconf 80' lang='lat' dir='ltr'>DECANI</span> <span class='ocrx_word' id='word_1_4' title='bbox 2037 255 2096 311; x_wconf 92' lang='lat' dir='ltr'>S.</span> <span class='ocrx_word' id='word_1_5' title='bbox 2139 252 2445 318; x_wconf 81' lang='lat' dir='ltr'>QUINTINI</span> <span class='ocrx_word' id='word_1_6' title='bbox 2486 258 2863 317; x_wconf 73' lang='lat' dir='ltr'>VIBOMAND.</span> 
     </span>
    </p>
   </div>
   <div class='ocr_carea' id='block_1_3' title="bbox 3712 258 3777 311">
    <p class='ocr_par' dir='ltr' id='par_1_3' title="bbox 3712 258 3777 311">
     <span class='ocr_line' id='line_1_3' title="bbox 3712 258 3777 311; baseline 0.015 -1"><span class='ocrx_word' id='word_1_7' title='bbox 3712 258 3777 311; x_wconf 66' lang='lat'>632</span> 
     </span>
    </p>
   </div>
   <div class='ocr_carea' id='block_1_4' title="bbox 423 376 3454 469">
    <p class='ocr_par' dir='ltr' id='par_1_4' title="bbox 423 376 3454 469">
     <span class='ocr_line' id='line_1_4' title="bbox 423 376 3454 469; baseline -0.005 -19"><span class='ocrx_word' id='word_1_8' title='bbox 423 400 680 469; x_wconf 70' lang='lat' dir='ltr'>straaque</span> <span class='ocrx_word' id='word_1_9' title='bbox 709 392 1124 450; x_wconf 89' lang='lat' dir='ltr'>monarchiam</span> <span class='ocrx_word' id='word_1_10' title='bbox 1163 391 1399 447; x_wconf 84' lang='lat' dir='ltr'>ditionis</span> <span class='ocrx_word' id='word_1_11' title='bbox 1429 389 1726 453; x_wconf 84' lang='lat' dir='ltr'>invadere,</span> <span class='ocrx_word' id='word_1_12' title='bbox 1759 398 1988 455; x_wconf 80' lang='lat' dir='ltr'>nosque</span> <span class='ocrx_word' id='word_1_13' title='bbox 2016 382 2071 433; x_wconf 90' lang='lat' dir='ltr'>et</span> <span class='ocrx_word' id='word_1_14' title='bbox 2100 378 2141 432; x_wconf 83' lang='lat' dir='ltr'>A</span> <span class='ocrx_word' id='word_1_15' title='bbox 2186 376 2352 433; x_wconf 89' lang='lat' dir='ltr'>lllum</span> <span class='ocrx_word' id='word_1_16' title='bbox 2384 380 2589 437; x_wconf 88' lang='lat' dir='ltr'>ditabit</span> <span class='ocrx_word' id='word_1_17' title='bbox 2617 382 3008 455; x_wconf 86' lang='lat' dir='ltr'>locupletans,</span> <span class='ocrx_word' id='word_1_18' title='bbox 3036 380 3454 447; x_wconf 88' lang='lat' dir='ltr'>muniﬁcabit;</span> 
     </span>
    </p>
   </div>
   <div class='ocr_carea' id='block_1_5' title="bbox 422 475 2069 555">
    <p class='ocr_par' dir='ltr' id='par_1_5' title="bbox 422 475 2069 555">
     <span class='ocr_line' id='line_1_5' title="bbox 422 475 2069 555; baseline -0.01 -14"><span class='ocrx_word' id='word_1_19' title='bbox 422 502 530 541; x_wconf 91' lang='lat' dir='ltr'>vos</span> <span class='ocrx_word' id='word_1_20' title='bbox 560 500 771 540; x_wconf 91' lang='lat' dir='ltr'>omnes</span> <span class='ocrx_word' id='word_1_21' title='bbox 796 482 1124 555; x_wconf 90' lang='lat' dir='ltr'>perdere,et</span> <span class='ocrx_word' id='word_1_22' title='bbox 1152 485 1475 551; x_wconf 83' lang='lat' dir='ltr'>antequam</span> <span class='ocrx_word' id='word_1_23' title='bbox 1507 475 1937 533; x_wconf 68' lang='lat' dir='ltr'>litereditariam</span> <span class='ocrx_word' id='word_1_24' title='bbox 1965 486 2069 525; x_wconf 90' lang='lat' dir='ltr'>no-</span> 
     </span>
    </p>
   </div>
   <div class='ocr_carea' id='block_1_6' title="bbox 424 558 2070 638">
    <p class='ocr_par' dir='ltr' id='par_1_6' title="bbox 424 558 2070 638">
     <span class='ocr_line' id='line_1_6' title="bbox 424 558 2070 638; baseline -0.01 -9"><span class='ocrx_word' id='word_1_25' title='bbox 424 579 558 630; x_wconf 77' lang='lat' dir='ltr'>strae</span> <span class='ocrx_word' id='word_1_26' title='bbox 589 570 1013 627; x_wconf 82' lang='lat' dir='ltr'>dominationis</span> <span class='ocrx_word' id='word_1_27' title='bbox 1045 574 1261 623; x_wconf 90' lang='lat' dir='ltr'>terram</span> <span class='ocrx_word' id='word_1_28' title='bbox 1298 567 1617 638; x_wconf 90' lang='lat' dir='ltr'>mancipet,</span> <span class='ocrx_word' id='word_1_29' title='bbox 1652 565 1741 619; x_wconf 90' lang='lat' dir='ltr'>sui</span> <span class='ocrx_word' id='word_1_30' title='bbox 1764 558 2070 631; x_wconf 85' lang='lat' dir='ltr'>regiminis</span> 
     </span>
    </p>
   </div>
   <div class='ocr_carea' id='block_1_7' title="bbox 425 651 2071 730">
    <p class='ocr_par' dir='ltr' id='par_1_7' title="bbox 425 651 2071 730">
     <span class='ocr_line' id='line_1_7' title="bbox 425 651 2071 730; baseline -0.01 -12"><span class='ocrx_word' id='word_1_31' title='bbox 425 667 638 718; x_wconf 90' lang='lat' dir='ltr'>terram</span> <span class='ocrx_word' id='word_1_32' title='bbox 687 656 1071 730; x_wconf 90' lang='lat' dir='ltr'>anticipando</span> <span class='ocrx_word' id='word_1_33' title='bbox 1106 672 1618 727; x_wconf 60' lang='lat' dir='ltr'>praeoccupemus,</span> <span class='ocrx_word' id='word_1_34' title='bbox 1670 651 2071 720; x_wconf 87' lang='lat' dir='ltr'>hostiliterque</span> 
     </span>
    </p>
   </div>
   <div class='ocr_carea' id='block_1_8' title="bbox 425 738 2073 815">
    <p class='ocr_par' dir='ltr' id='par_1_8' title="bbox 425 738 2073 815">
     <span class='ocr_line' id='line_1_8' title="bbox 425 738 2073 815; baseline -0.01 -8"><span class='ocrx_word' id='word_1_35' title='bbox 425 750 751 807; x_wconf 76' lang='lat' dir='ltr'>resistendo</span> <span class='ocrx_word' id='word_1_36' title='bbox 782 746 1061 803; x_wconf 86' lang='lat' dir='ltr'>adventui</span> <span class='ocrx_word' id='word_1_37' title='bbox 1118 746 1265 815; x_wconf 83' lang='lat' dir='ltr'>ejus.</span> <span class='ocrx_word' id='word_1_38' title='bbox 1303 768 1329 794; x_wconf 83' lang='lat'>»</span> <span class='ocrx_word' id='word_1_39' title='bbox 1366 744 1519 799; x_wconf 92' lang='grc'>111100</span> <span class='ocrx_word' id='word_1_40' title='bbox 1546 760 1754 799; x_wconf 85' lang='grc'>01111108</span> <span class='ocrx_word' id='word_1_41' title='bbox 1784 742 1875 796; x_wconf 88' lang='grc'>1118</span> <span class='ocrx_word' id='word_1_42' title='bbox 1905 738 2073 793; x_wconf 88' lang='lat' dir='ltr'>dictis</span> 
     </span>
    </p>
   </div>
   <div class='ocr_carea' id='block_1_9' title="bbox 425 828 2073 905">
    <p class='ocr_par' dir='ltr' id='par_1_9' title="bbox 425 828 2073 905">
     <span class='ocr_line' id='line_1_9' title="bbox 425 828 2073 905; baseline -0.008 -11"><span class='ocrx_word' id='word_1_43' title='bbox 425 839 639 894; x_wconf 85' lang='lat' dir='ltr'>hilares</span> <span class='ocrx_word' id='word_1_44' title='bbox 712 835 941 905; x_wconf 83' lang='lat' dir='ltr'>regiam</span> <span class='ocrx_word' id='word_1_45' title='bbox 1018 837 1234 888; x_wconf 89' lang='lat' dir='ltr'>terram</span> <span class='ocrx_word' id='word_1_46' title='bbox 1290 832 1657 902; x_wconf 79' lang='lat' dir='ltr'>conglobatis</span> <span class='ocrx_word' id='word_1_47' title='bbox 1724 828 2073 885; x_wconf 83' lang='lat' dir='ltr'>exercitibus</span> 
     </span>
    </p>
   </div>
   <div class='ocr_carea' id='block_1_10' title="bbox 426 918 2075 995">
    <p class='ocr_par' dir='ltr' id='par_1_10' title="bbox 426 918 2075 995">
     <span class='ocr_line' id='line_1_10' title="bbox 426 918 2075 995; baseline -0.007 -12"><span class='ocrx_word' id='word_1_48' title='bbox 426 929 794 992; x_wconf 88' lang='lat' dir='ltr'>invaserunt,</span> <span class='ocrx_word' id='word_1_49' title='bbox 863 929 1168 995; x_wconf 82' lang='lat' dir='ltr'>totamque</span> <span class='ocrx_word' id='word_1_50' title='bbox 1245 922 1518 977; x_wconf 62' lang='lat' dir='ltr'>sawiente</span> <span class='ocrx_word' id='word_1_51' title='bbox 1571 921 1821 976; x_wconf 86' lang='lat' dir='ltr'>vulcano</span> <span class='ocrx_word' id='word_1_52' title='bbox 1890 918 2075 989; x_wconf 90' lang='lat' dir='ltr'>depo-</span> 
     </span>
    </p>
   </div>
   <div class='ocr_carea' id='block_1_11' title="bbox 430 1006 2075 1090">
    <p class='ocr_par' dir='ltr' id='par_1_11' title="bbox 430 1006 2075 1090">
     <span class='ocr_line' id='line_1_11' title="bbox 430 1006 2075 1090; baseline -0.007 -18"><span class='ocrx_word' id='word_1_53' title='bbox 430 1017 731 1090; x_wconf 89' lang='lat' dir='ltr'>pularunt.</span> <span class='ocrx_word' id='word_1_54' title='bbox 777 1018 907 1069; x_wconf 74' lang='grc' dir='ltr'>11ωο</span> <span class='ocrx_word' id='word_1_55' title='bbox 956 1018 1156 1068; x_wconf 91' lang='lat' dir='ltr'>autem</span> <span class='ocrx_word' id='word_1_56' title='bbox 1196 1028 1295 1066; x_wconf 85' lang='lat' dir='ltr'>rex</span> <span class='ocrx_word' id='word_1_57' title='bbox 1340 1012 1608 1076; x_wconf 89' lang='lat' dir='ltr'>audiens,</span> <span class='ocrx_word' id='word_1_58' title='bbox 1651 1014 1855 1065; x_wconf 89' lang='lat' dir='ltr'>contra</span> <span class='ocrx_word' id='word_1_59' title='bbox 1883 1006 2075 1062; x_wconf 82' lang='lat' dir='ltr'>R0110-</span> 
     </span>
    </p>
   </div>
   <div class='ocr_carea' id='block_1_12' title="bbox 428 1096 2077 1172">
    <p class='ocr_par' dir='ltr' id='par_1_12' title="bbox 428 1096 2077 1172">
     <span class='ocr_line' id='line_1_12' title="bbox 428 1096 2077 1172; baseline -0.008 -10"><span class='ocrx_word' id='word_1_60' title='bbox 428 1123 568 1162; x_wconf 89' lang='lat' dir='ltr'>nem</span> <span class='ocrx_word' id='word_1_61' title='bbox 598 1108 655 1160; x_wconf 93' lang='lat' dir='ltr'>et</span> <span class='ocrx_word' id='word_1_62' title='bbox 682 1104 922 1159; x_wconf 82' lang='lat' dir='ltr'>fratrem</span> <span class='ocrx_word' id='word_1_63' title='bbox 973 1103 1099 1172; x_wconf 88' lang='lat' dir='ltr'>ejus</span> <span class='ocrx_word' id='word_1_64' title='bbox 1140 1100 1361 1172; x_wconf 78' lang='lat' dir='ltr'>peregit</span> <span class='ocrx_word' id='word_1_65' title='bbox 1392 1101 1469 1154; x_wconf 86' lang='lat' dir='ltr'>ad</span> <span class='ocrx_word' id='word_1_66' title='bbox 1512 1098 1803 1171; x_wconf 65' lang='lat' dir='ltr'>praelium,</span> <span class='ocrx_word' id='word_1_67' title='bbox 1855 1096 2077 1167; x_wconf 90' lang='lat' dir='ltr'>diuque</span> 
     </span>
    </p>
   </div>
   <div class='ocr_carea' id='block_1_13' title="bbox 429 1185 2079 1258">
    <p class='ocr_par' dir='ltr' id='par_1_13' title="bbox 429 1185 2079 1258">
     <span class='ocr_line' id='line_1_13' title="bbox 429 1185 2079 1258; baseline -0.007 -9"><span class='ocrx_word' id='word_1_68' title='bbox 429 1192 772 1249; x_wconf 90' lang='lat' dir='ltr'>dimicando</span> <span class='ocrx_word' id='word_1_69' title='bbox 822 1196 983 1257; x_wconf 87' lang='lat' dir='ltr'>terga</span> <span class='ocrx_word' id='word_1_70' title='bbox 1025 1189 1193 1244; x_wconf 84' lang='lat' dir='ltr'>vertit</span> <span class='ocrx_word' id='word_1_71' title='bbox 1248 1188 1478 1257; x_wconf 75' lang='lat' dir='ltr'>fugiens</span> <span class='ocrx_word' id='word_1_72' title='bbox 1519 1187 1594 1243; x_wconf 88' lang='lat' dir='ltr'>ad</span> <span class='ocrx_word' id='word_1_73' title='bbox 1653 1185 1932 1258; x_wconf 59' lang='lat' dir='ltr'>praesidia</span> <span class='ocrx_word' id='word_1_74' title='bbox 1981 1200 2079 1237; x_wconf 93' lang='lat' dir='ltr'>ur-</span> 
     </span>
    </p>
   </div>
   <div class='ocr_carea' id='block_1_14' title="bbox 429 1271 2078 1345">
    <p class='ocr_par' dir='ltr' id='par_1_14' title="bbox 429 1271 2078 1345">
     <span class='ocr_line' id='line_1_14' title="bbox 429 1271 2078 1345; baseline -0.007 -8"><span class='ocrx_word' id='word_1_75' title='bbox 429 1282 618 1337; x_wconf 85' lang='lat' dir='ltr'>bium.</span> <span class='ocrx_word' id='word_1_76' title='bbox 646 1283 805 1335; x_wconf 91' lang='lat' dir='ltr'>Tunc</span> <span class='ocrx_word' id='word_1_77' title='bbox 832 1278 994 1333; x_wconf 84' lang='lat' dir='ltr'>Rollo</span> <span class='ocrx_word' id='word_1_78' title='bbox 1052 1277 1143 1331; x_wconf 90' lang='lat' dir='ltr'>sui</span> <span class='ocrx_word' id='word_1_79' title='bbox 1171 1276 1462 1331; x_wconf 84' lang='lat' dir='ltr'>exercitus</span> <span class='ocrx_word' id='word_1_80' title='bbox 1486 1280 1755 1330; x_wconf 90' lang='lat' dir='ltr'>mortuos</span> <span class='ocrx_word' id='word_1_81' title='bbox 1794 1271 2078 1345; x_wconf 86' lang='lat' dir='ltr'>sepelivit,</span> 
     </span>
    </p>
   </div>
   <div class='ocr_carea' id='block_1_15' title="bbox 429 1361 2080 1438">
    <p class='ocr_par' dir='ltr' id='par_1_15' title="bbox 429 1361 2080 1438">
     <span class='ocr_line' id='line_1_15' title="bbox 429 1361 2080 1438; baseline -0.005 -15"><span class='ocrx_word' id='word_1_82' title='bbox 429 1370 582 1438; x_wconf 87' lang='lat' dir='ltr'>regis</span> <span class='ocrx_word' id='word_1_83' title='bbox 611 1372 810 1423; x_wconf 90' lang='lat' dir='ltr'>autem</span> <span class='ocrx_word' id='word_1_84' title='bbox 836 1366 1178 1420; x_wconf 87' lang='lat' dir='ltr'>inhumatos</span> <span class='ocrx_word' id='word_1_85' title='bbox 1226 1364 1478 1435; x_wconf 89' lang='lat' dir='ltr'>reliquit.</span> <span class='ocrx_word' id='word_1_86' title='bbox 1524 1366 1702 1419; x_wconf 81' lang='lat' dir='ltr'>Unius</span> <span class='ocrx_word' id='word_1_87' title='bbox 1745 1379 1882 1417; x_wconf 89' lang='lat' dir='ltr'>vero</span> <span class='ocrx_word' id='word_1_88' title='bbox 1913 1361 2080 1415; x_wconf 89' lang='lat' dir='ltr'>lustri</span> 
     </span>
    </p>
   </div>
   <div class='ocr_carea' id='block_1_16' title="bbox 432 1449 2083 1529">
    <p class='ocr_par' dir='ltr' id='par_1_16' title="bbox 432 1449 2083 1529">
     <span class='ocr_line' id='line_1_16' title="bbox 432 1449 2083 1529; baseline -0.005 -18"><span class='ocrx_word' id='word_1_89' title='bbox 432 1456 625 1529; x_wconf 90' lang='lat' dir='ltr'>spatio</span> <span class='ocrx_word' id='word_1_90' title='bbox 655 1458 1074 1528; x_wconf 84' lang='lat' dir='ltr'>perseverante</span> <span class='ocrx_word' id='word_1_91' title='bbox 1104 1454 1254 1509; x_wconf 91' lang='lat' dir='ltr'>inter</span> <span class='ocrx_word' id='word_1_92' title='bbox 1279 1470 1478 1522; x_wconf 81' lang='lat' dir='ltr'>regem</span> <span class='ocrx_word' id='word_1_93' title='bbox 1507 1459 1563 1507; x_wconf 93' lang='lat' dir='ltr'>et</span> <span class='ocrx_word' id='word_1_94' title='bbox 1592 1452 1895 1507; x_wconf 77' lang='lat' dir='ltr'>Hollonem</span> <span class='ocrx_word' id='word_1_95' title='bbox 1923 1449 2083 1504; x_wconf 89' lang='lat' dir='ltr'>ducl-</span> 
     </span>
    </p>
   </div>
   <div class='ocr_carea' id='block_1_17' title="bbox 431 1539 2081 1614">
    <p class='ocr_par' dir='ltr' id='par_1_17' title="bbox 431 1539 2081 1614">
     <span class='ocr_line' id='line_1_17' title="bbox 431 1539 2081 1614; baseline -0.005 -14"><span class='ocrx_word' id='word_1_96' title='bbox 431 1545 529 1611; x_wconf 89' lang='lat' dir='ltr'>lio,</span> <span class='ocrx_word' id='word_1_97' title='bbox 554 1544 713 1599; x_wconf 90' lang='lat' dir='ltr'>misit</span> <span class='ocrx_word' id='word_1_98' title='bbox 742 1560 845 1598; x_wconf 85' lang='lat' dir='ltr'>rex</span> <span class='ocrx_word' id='word_1_99' title='bbox 871 1543 1132 1614; x_wconf 89' lang='lat' dir='ltr'>paciﬁcis</span> <span class='ocrx_word' id='word_1_100' title='bbox 1163 1542 1355 1596; x_wconf 89' lang='lat' dir='ltr'>verbis</span> <span class='ocrx_word' id='word_1_101' title='bbox 1384 1542 1461 1597; x_wconf 87' lang='lat' dir='ltr'>ad</span> <span class='ocrx_word' id='word_1_102' title='bbox 1490 1559 1628 1597; x_wconf 89' lang='lat' dir='ltr'>eum</span> <span class='ocrx_word' id='word_1_103' title='bbox 1656 1539 2001 1610; x_wconf 89' lang='lat' dir='ltr'>hujusmodi</span> <span class='ocrx_word' id='word_1_104' title='bbox 2021 1539 2081 1593; x_wconf 90' lang='lat' dir='ltr'>in</span> 
     </span>
    </p>
   </div>
   <div class='ocr_carea' id='block_1_18' title="bbox 432 1628 2083 1701">
    <p class='ocr_par' dir='ltr' id='par_1_18' title="bbox 432 1628 2083 1701">
     <span class='ocr_line' id='line_1_18' title="bbox 432 1628 2083 1701; baseline -0.004 -13"><span class='ocrx_word' id='word_1_105' title='bbox 432 1633 608 1688; x_wconf 90' lang='lat' dir='ltr'>dolo:</span> <span class='ocrx_word' id='word_1_106' title='bbox 644 1657 669 1681; x_wconf 75' lang='grc' dir='ltr'><strong>(ι</strong></span> <span class='ocrx_word' id='word_1_107' title='bbox 706 1632 856 1688; x_wconf 75' lang='lat' dir='ltr'>Nihil</span> <span class='ocrx_word' id='word_1_108' title='bbox 890 1631 1032 1686; x_wconf 89' lang='lat' dir='ltr'>mihi</span> <span class='ocrx_word' id='word_1_109' title='bbox 1066 1636 1121 1686; x_wconf 93' lang='lat' dir='ltr'>et</span> <span class='ocrx_word' id='word_1_110' title='bbox 1164 1630 1286 1699; x_wconf 86' lang='lat' dir='ltr'>tibi,</span> <span class='ocrx_word' id='word_1_111' title='bbox 1320 1631 1433 1685; x_wconf 86' lang='lat' dir='ltr'>nisi</span> <span class='ocrx_word' id='word_1_112' title='bbox 1465 1631 1651 1697; x_wconf 85' lang='lat' dir='ltr'>gratia</span> <span class='ocrx_word' id='word_1_113' title='bbox 1676 1628 2083 1701; x_wconf 86' lang='lat' dir='ltr'>propinquita-</span> 
     </span>
    </p>
   </div>
   <div class='ocr_carea' id='block_1_19' title="bbox 2184 469 3551 542">
    <p class='ocr_par' dir='ltr' id='par_1_19' title="bbox 2184 469 3551 542">
     <span class='ocr_line' id='line_1_19' title="bbox 2184 469 3551 542; baseline 0.004 -22"><span class='ocrx_word' id='word_1_114' title='bbox 2184 469 2424 524; x_wconf 79' lang='lat' dir='ltr'>Francia</span> <span class='ocrx_word' id='word_1_115' title='bbox 2454 470 2647 542; x_wconf 82' lang='lat' dir='ltr'>deque</span> <span class='ocrx_word' id='word_1_116' title='bbox 2674 473 2789 527; x_wconf 88' lang='lat' dir='ltr'>tuis</span> <span class='ocrx_word' id='word_1_117' title='bbox 2812 472 3023 542; x_wconf 81' lang='lat' dir='ltr'>genitis</span> <span class='ocrx_word' id='word_1_118' title='bbox 3052 471 3309 525; x_wconf 82' lang='lat' dir='ltr'>fecunda</span> <span class='ocrx_word' id='word_1_119' title='bbox 3338 470 3551 532; x_wconf 86' lang='lat' dir='ltr'>beatis.</span> 
     </span>
    </p>
   </div>
   <div class='ocr_carea' id='block_1_20' title="bbox 2183 558 3649 627">
    <p class='ocr_par' dir='ltr' id='par_1_20' title="bbox 2183 558 3649 627">
     <span class='ocr_line' id='line_1_20' title="bbox 2183 558 3649 627; baseline 0.002 -17"><span class='ocrx_word' id='word_1_120' title='bbox 2183 558 2485 627; x_wconf 90' lang='lat' dir='ltr'>Spermate</span> <span class='ocrx_word' id='word_1_121' title='bbox 2516 560 2808 615; x_wconf 89' lang='lat' dir='ltr'>nobilium</span> <span class='ocrx_word' id='word_1_122' title='bbox 2836 560 3125 615; x_wconf 87' lang='lat' dir='ltr'>concretis</span> <span class='ocrx_word' id='word_1_123' title='bbox 3152 558 3649 626; x_wconf 85' lang='lat' dir='ltr'>Christicolarum,</span> 
     </span>
    </p>
   </div>
   <div class='ocr_carea' id='block_1_21' title="bbox 2182 645 3596 721">
    <p class='ocr_par' dir='ltr' id='par_1_21' title="bbox 2182 645 3596 721">
     <span class='ocr_line' id='line_1_21' title="bbox 2182 645 3596 721; baseline 0.002 -23"><span class='ocrx_word' id='word_1_124' title='bbox 2182 645 2489 715; x_wconf 80' lang='lat' dir='ltr'>Dacigenis</span> <span class='ocrx_word' id='word_1_125' title='bbox 2521 666 2657 705; x_wconf 90' lang='lat' dir='ltr'>cum</span> <span class='ocrx_word' id='word_1_126' title='bbox 2690 649 3065 719; x_wconf 82' lang='lat' dir='ltr'>Francigenis</span> <span class='ocrx_word' id='word_1_127' title='bbox 3096 653 3217 705; x_wconf 90' lang='lat' dir='ltr'>tam</span> <span class='ocrx_word' id='word_1_128' title='bbox 3244 647 3596 721; x_wconf 82' lang='lat' dir='ltr'>paciﬁcatis,</span> 
     </span>
    </p>
   </div>
   <div class='ocr_carea' id='block_1_22' title="bbox 2183 734 3640 810">
    <p class='ocr_par' dir='ltr' id='par_1_22' title="bbox 2183 734 3640 810">
     <span class='ocr_line' id='line_1_22' title="bbox 2183 734 3640 810; baseline 0.002 -23"><span class='ocrx_word' id='word_1_129' title='bbox 2183 734 2387 803; x_wconf 83' lang='lat' dir='ltr'>Gignet</span> <span class='ocrx_word' id='word_1_130' title='bbox 2418 738 2773 808; x_wconf 91' lang='lat' dir='ltr'>producens,</span> <span class='ocrx_word' id='word_1_131' title='bbox 2807 742 3115 810; x_wconf 84' lang='lat' dir='ltr'>expurget,</span> <span class='ocrx_word' id='word_1_132' title='bbox 3147 736 3410 810; x_wconf 91' lang='lat' dir='ltr'>proferet</span> <span class='ocrx_word' id='word_1_133' title='bbox 3440 737 3640 805; x_wconf 81' lang='lat' dir='ltr'>ingens</span> 
     </span>
    </p>
   </div>
   <div class='ocr_carea' id='block_1_23' title="bbox 2186 826 3771 899">
    <p class='ocr_par' dir='ltr' id='par_1_23' title="bbox 2186 826 3771 899">
     <span class='ocr_line' id='line_1_23' title="bbox 2186 826 3771 899; baseline -0.001 -19"><span class='ocrx_word' id='word_1_134' title='bbox 2186 826 2388 892; x_wconf 80' lang='lat' dir='ltr'>Reges,</span> <span class='ocrx_word' id='word_1_135' title='bbox 2417 827 2864 899; x_wconf 86' lang='lat' dir='ltr'>pontificesque,</span> <span class='ocrx_word' id='word_1_136' title='bbox 2898 828 3102 897; x_wconf 89' lang='lat' dir='ltr'>duces,</span> <span class='ocrx_word' id='word_1_137' title='bbox 3128 826 3397 890; x_wconf 90' lang='lat' dir='ltr'>comites,</span> <span class='ocrx_word' id='word_1_138' title='bbox 3423 840 3771 897; x_wconf 77' lang='lat' dir='ltr'>proceresque:</span> 
     </span>
    </p>
   </div>
   <div class='ocr_carea' id='block_1_24' title="bbox 2190 912 3773 989">
    <p class='ocr_par' dir='ltr' id='par_1_24' title="bbox 2190 912 3773 989">
     <span class='ocr_line' id='line_1_24' title="bbox 2190 912 3773 989; baseline -0.001 -22"><span class='ocrx_word' id='word_1_139' title='bbox 2190 912 2309 968; x_wconf 86' lang='lat' dir='ltr'>Sub</span> <span class='ocrx_word' id='word_1_140' title='bbox 2337 915 2557 985; x_wconf 90' lang='lat' dir='ltr'>quibus</span> <span class='ocrx_word' id='word_1_141' title='bbox 2586 916 2746 971; x_wconf 88' lang='lat' dir='ltr'>orbis</span> <span class='ocrx_word' id='word_1_142' title='bbox 2777 932 2968 971; x_wconf 89' lang='lat' dir='ltr'>ovans</span> <span class='ocrx_word' id='word_1_143' title='bbox 2999 916 3246 989; x_wconf 90' lang='lat' dir='ltr'>pollebit</span> <span class='ocrx_word' id='word_1_144' title='bbox 3291 915 3558 987; x_wconf 87' lang='lat' dir='ltr'>principe</span> <span class='ocrx_word' id='word_1_145' title='bbox 3588 914 3773 977; x_wconf 83' lang='lat' dir='ltr'>Christo,</span> 
     </span>
    </p>
   </div>
   <div class='ocr_carea' id='block_1_25' title="bbox 2186 1004 3577 1075">
    <p class='ocr_par' dir='ltr' id='par_1_25' title="bbox 2186 1004 3577 1075">
     <span class='ocr_line' id='line_1_25' title="bbox 2186 1004 3577 1075; baseline 0.002 -19"><span class='ocrx_word' id='word_1_146' title='bbox 2186 1006 2248 1057; x_wconf 80' lang='lat' dir='ltr'>Et</span> <span class='ocrx_word' id='word_1_147' title='bbox 2276 1004 2496 1074; x_wconf 87' lang='lat' dir='ltr'>quibus</span> <span class='ocrx_word' id='word_1_148' title='bbox 2526 1005 2787 1060; x_wconf 68' lang='lat' dir='ltr'>ecclesiae</span> <span class='ocrx_word' id='word_1_149' title='bbox 2818 1005 3307 1061; x_wconf 88' lang='lat' dir='ltr'>fecundabuntur</span> <span class='ocrx_word' id='word_1_150' title='bbox 3338 1004 3577 1075; x_wconf 89' lang='lat' dir='ltr'>ubique,</span> 
     </span>
    </p>
   </div>
   <div class='ocr_carea' id='block_1_26' title="bbox 2186 1092 3773 1166">
    <p class='ocr_par' dir='ltr' id='par_1_26' title="bbox 2186 1092 3773 1166">
     <span class='ocr_line' id='line_1_26' title="bbox 2186 1092 3773 1166; baseline -0.001 -20"><span class='ocrx_word' id='word_1_151' title='bbox 2186 1097 2373 1163; x_wconf 80' lang='lat' dir='ltr'>Atque</span> <span class='ocrx_word' id='word_1_152' title='bbox 2406 1109 2563 1148; x_wconf 92' lang='lat' dir='ltr'>novo</span> <span class='ocrx_word' id='word_1_153' title='bbox 2592 1110 2872 1166; x_wconf 89' lang='lat' dir='ltr'>quorum,</span> <span class='ocrx_word' id='word_1_154' title='bbox 2921 1094 3290 1163; x_wconf 89' lang='lat' dir='ltr'>gaudebunt,</span> <span class='ocrx_word' id='word_1_155' title='bbox 3320 1097 3561 1166; x_wconf 84' lang='lat' dir='ltr'>perpete</span> <span class='ocrx_word' id='word_1_156' title='bbox 3588 1092 3773 1153; x_wconf 84' lang='lat' dir='ltr'>Christo,</span> 
     </span>
    </p>
   </div>
   <div class='ocr_carea' id='block_1_27' title="bbox 2187 1180 3635 1255">
    <p class='ocr_par' dir='ltr' id='par_1_27' title="bbox 2187 1180 3635 1255">
     <span class='ocr_line' id='line_1_27' title="bbox 2187 1180 3635 1255; baseline 0.001 -21"><span class='ocrx_word' id='word_1_157' title='bbox 2187 1184 2311 1248; x_wconf 83' lang='lat' dir='ltr'>Ter,</span> <span class='ocrx_word' id='word_1_158' title='bbox 2344 1182 2626 1253; x_wconf 80' lang='lat' dir='ltr'>trinaeque</span> <span class='ocrx_word' id='word_1_159' title='bbox 2657 1182 2876 1254; x_wconf 90' lang='lat' dir='ltr'>quibus</span> <span class='ocrx_word' id='word_1_160' title='bbox 2908 1182 3267 1255; x_wconf 86' lang='lat' dir='ltr'>baptismate</span> <span class='ocrx_word' id='word_1_161' title='bbox 3297 1180 3635 1255; x_wconf 74' lang='grc' dir='ltr'>ραι-11100118,</span> 
     </span>
    </p>
   </div>
   <div class='ocr_carea' id='block_1_28' title="bbox 2186 1270 3775 1342">
    <p class='ocr_par' dir='ltr' id='par_1_28' title="bbox 2186 1270 3775 1342">
     <span class='ocr_line' id='line_1_28' title="bbox 2186 1270 3775 1342; baseline -0.003 -19"><span class='ocrx_word' id='word_1_162' title='bbox 2186 1272 2315 1324; x_wconf 84' lang='lat' dir='ltr'>.lam</span> <span class='ocrx_word' id='word_1_163' title='bbox 2349 1286 2635 1342; x_wconf 87' lang='lat' dir='ltr'>superum</span> <span class='ocrx_word' id='word_1_164' title='bbox 2659 1276 2866 1326; x_wconf 68' lang='lat' dir='ltr'>turmas</span> <span class='ocrx_word' id='word_1_165' title='bbox 2896 1271 3144 1327; x_wconf 71' lang='lat' dir='ltr'>decimae</span> <span class='ocrx_word' id='word_1_166' title='bbox 3164 1271 3294 1326; x_wconf 87' lang='lat' dir='ltr'>vice</span> <span class='ocrx_word' id='word_1_167' title='bbox 3320 1270 3565 1342; x_wconf 68' lang='lat' dir='ltr'>perdita:</span> <span class='ocrx_word' id='word_1_168' title='bbox 3587 1270 3775 1325; x_wconf 61' lang='lat' dir='ltr'>adactae.</span> 
     </span>
    </p>
   </div>
   <div class='ocr_carea' id='block_1_29' title="bbox 2263 1358 3775 1429">
    <p class='ocr_par' dir='ltr' id='par_1_29' title="bbox 2263 1358 3775 1429">
     <span class='ocr_line' id='line_1_29' title="bbox 2263 1358 3775 1429; baseline -0.002 -18"><span class='ocrx_word' id='word_1_169' title='bbox 2263 1363 2528 1429; x_wconf 84' lang='lat' dir='ltr'>Cumque</span> <span class='ocrx_word' id='word_1_170' title='bbox 2585 1359 2686 1413; x_wconf 91' lang='lat' dir='ltr'>diu</span> <span class='ocrx_word' id='word_1_171' title='bbox 2720 1361 2943 1414; x_wconf 87' lang='lat' dir='ltr'>Scanza</span> <span class='ocrx_word' id='word_1_172' title='bbox 2966 1358 3165 1414; x_wconf 88' lang='lat' dir='ltr'>insula</span> <span class='ocrx_word' id='word_1_173' title='bbox 3195 1364 3453 1413; x_wconf 63' lang='lat' dir='ltr'>maestus</span> <span class='ocrx_word' id='word_1_174' title='bbox 3492 1361 3775 1419; x_wconf 82' lang='lat' dir='ltr'>moraretur,</span> 
     </span>
    </p>
   </div>
   <div class='ocr_carea' id='block_1_30' title="bbox 2191 1444 3777 1520">
    <p class='ocr_par' dir='ltr' id='par_1_30' title="bbox 2191 1444 3777 1520">
     <span class='ocr_line' id='line_1_30' title="bbox 2191 1444 3777 1520; baseline -0.002 -20"><span class='ocrx_word' id='word_1_175' title='bbox 2191 1446 2553 1519; x_wconf 87' lang='lat' dir='ltr'>sollicitaque</span> <span class='ocrx_word' id='word_1_176' title='bbox 2585 1447 3462 1520; x_wconf 68' lang='lat' dir='ltr'>contorqueiitis&#39;animositatis</span> <span class='ocrx_word' id='word_1_177' title='bbox 3489 1444 3777 1515; x_wconf 82' lang='lat' dir='ltr'>cogitatione</span> 
     </span>
    </p>
   </div>
   <div class='ocr_carea' id='block_1_31' title="bbox 2193 1534 3777 1593">
    <p class='ocr_par' dir='ltr' id='par_1_31' title="bbox 2193 1534 3777 1593">
     <span class='ocr_line' id='line_1_31' title="bbox 2193 1534 3777 1593; baseline -0.003 -3"><span class='ocrx_word' id='word_1_178' title='bbox 2193 1540 2455 1591; x_wconf 73' lang='grc'>1081110118</span> <span class='ocrx_word' id='word_1_179' title='bbox 2508 1537 2813 1593; x_wconf 88' lang='lat' dir='ltr'>moliretur</span> <span class='ocrx_word' id='word_1_180' title='bbox 2869 1543 2933 1593; x_wconf 92' lang='lat' dir='ltr'>ut</span> <span class='ocrx_word' id='word_1_181' title='bbox 2979 1537 3308 1593; x_wconf 88' lang='lat' dir='ltr'>vindicaret</span> <span class='ocrx_word' id='word_1_182' title='bbox 3348 1553 3411 1591; x_wconf 89' lang='lat' dir='ltr'>se</span> <span class='ocrx_word' id='word_1_183' title='bbox 3467 1536 3537 1591; x_wconf 91' lang='lat' dir='ltr'>de</span> <span class='ocrx_word' id='word_1_184' title='bbox 3582 1534 3777 1589; x_wconf 90' lang='lat' dir='ltr'>inimicis</span> 
     </span>
    </p>
   </div>
   <div class='ocr_carea' id='block_1_32' title="bbox 2193 1622 3776 1699">
    <p class='ocr_par' dir='ltr' id='par_1_32' title="bbox 2193 1622 3776 1699">
     <span class='ocr_line' id='line_1_32' title="bbox 2193 1622 3776 1699; baseline -0.003 -20"><span class='ocrx_word' id='word_1_185' title='bbox 2193 1625 2349 1692; x_wconf 88' lang='lat' dir='ltr'>suis;</span> <span class='ocrx_word' id='word_1_186' title='bbox 2410 1626 2791 1699; x_wconf 90' lang='lat' dir='ltr'>plurimique,</span> <span class='ocrx_word' id='word_1_187' title='bbox 2819 1644 2973 1699; x_wconf 91' lang='lat' dir='ltr'>quos</span> <span class='ocrx_word' id='word_1_188' title='bbox 3030 1627 3272 1697; x_wconf 88' lang='lat' dir='ltr'>fugarat</span> <span class='ocrx_word' id='word_1_189' title='bbox 3296 1626 3373 1681; x_wconf 91' lang='lat' dir='ltr'>de</span> <span class='ocrx_word' id='word_1_190' title='bbox 3426 1626 3592 1680; x_wconf 88' lang='lat' dir='ltr'>Dacia</span> <span class='ocrx_word' id='word_1_191' title='bbox 3616 1622 3776 1691; x_wconf 72' lang='lat' dir='ltr'>regalis</span> 
     </span>
    </p>
   </div>
   <div class='ocr_carea' id='block_1_33' title="bbox 437 1711 3777 1793">
    <p class='ocr_par' dir='ltr' id='par_1_33' title="bbox 437 1711 3777 1793">
     <span class='ocr_line' id='line_1_33' title="bbox 437 1711 3777 1793; baseline -0.004 -16"><span class='ocrx_word' id='word_1_192' title='bbox 437 1723 522 1777; x_wconf 91' lang='lat' dir='ltr'>tis.</span> <span class='ocrx_word' id='word_1_193' title='bbox 557 1725 625 1777; x_wconf 90' lang='lat' dir='ltr'>Ut</span> <span class='ocrx_word' id='word_1_194' title='bbox 682 1722 1013 1793; x_wconf 87' lang='lat' dir='ltr'>requiescat</span> <span class='ocrx_word' id='word_1_195' title='bbox 1044 1720 1368 1791; x_wconf 81' lang='lat' dir='ltr'>republica,</span> <span class='ocrx_word' id='word_1_196' title='bbox 1422 1736 1631 1792; x_wconf 88' lang='lat' dir='ltr'>precor</span> <span class='ocrx_word' id='word_1_197' title='bbox 1677 1718 1967 1791; x_wconf 86' lang='lat' dir='ltr'>permitte,</span> <span class='ocrx_word' id='word_1_198' title='bbox 2024 1722 2083 1772; x_wconf 91' lang='lat' dir='ltr'>ut</span> <span class='ocrx_word' id='word_1_199' title='bbox 2116 1726 2155 1779; x_wconf 81' lang='grc' dir='ltr'><strong>Β</strong></span> <span class='ocrx_word' id='word_1_200' title='bbox 2193 1713 2551 1781; x_wconf 83' lang='lat' dir='ltr'>immanitas,</span> <span class='ocrx_word' id='word_1_201' title='bbox 2608 1716 2682 1770; x_wconf 88' lang='lat' dir='ltr'>ad</span> <span class='ocrx_word' id='word_1_202' title='bbox 2714 1732 2852 1770; x_wconf 90' lang='lat' dir='ltr'>eum</span> <span class='ocrx_word' id='word_1_203' title='bbox 2909 1720 3363 1781; x_wconf 87' lang='lat' dir='ltr'>reverterentur,</span> <span class='ocrx_word' id='word_1_204' title='bbox 3424 1714 3602 1769; x_wconf 81' lang='lat' dir='ltr'>fessos</span> <span class='ocrx_word' id='word_1_205' title='bbox 3626 1711 3777 1766; x_wconf 84' lang='lat' dir='ltr'>labore</span> 
     </span>
    </p>
   </div>
   <div class='ocr_carea' id='block_1_34' title="bbox 433 1807 2085 1883">
    <p class='ocr_par' dir='ltr' id='par_1_34' title="bbox 433 1807 2085 1883">
     <span class='ocr_line' id='line_1_34' title="bbox 433 1807 2085 1883; baseline -0.003 -18"><span class='ocrx_word' id='word_1_206' title='bbox 433 1811 597 1883; x_wconf 89' lang='lat' dir='ltr'>quod</span> <span class='ocrx_word' id='word_1_207' title='bbox 634 1811 752 1865; x_wconf 87' lang='lat' dir='ltr'>mei</span> <span class='ocrx_word' id='word_1_208' title='bbox 796 1810 945 1879; x_wconf 85' lang='lat' dir='ltr'>juris</span> <span class='ocrx_word' id='word_1_209' title='bbox 976 1815 1082 1874; x_wconf 91' lang='lat' dir='ltr'>est,</span> <span class='ocrx_word' id='word_1_210' title='bbox 1134 1825 1422 1879; x_wconf 89' lang='lat' dir='ltr'>meusque</span> <span class='ocrx_word' id='word_1_211' title='bbox 1454 1814 1639 1881; x_wconf 82' lang='lat' dir='ltr'>pater,</span> <span class='ocrx_word' id='word_1_212' title='bbox 1682 1807 1888 1876; x_wconf 84' lang='lat' dir='ltr'>tenuit,</span> <span class='ocrx_word' id='word_1_213' title='bbox 1914 1807 2085 1861; x_wconf 89' lang='lat' dir='ltr'>liceat</span> 
     </span>
    </p>
   </div>
   <div class='ocr_carea' id='block_1_35' title="bbox 434 1895 2080 1970">
    <p class='ocr_par' dir='ltr' id='par_1_35' title="bbox 434 1895 2080 1970">
     <span class='ocr_line' id='line_1_35' title="bbox 434 1895 2080 1970; baseline -0.003 -17"><span class='ocrx_word' id='word_1_214' title='bbox 434 1899 723 1970; x_wconf 89' lang='lat' dir='ltr'>patienter</span> <span class='ocrx_word' id='word_1_215' title='bbox 752 1914 847 1951; x_wconf 90' lang='lat' dir='ltr'>me</span> <span class='ocrx_word' id='word_1_216' title='bbox 877 1897 1180 1968; x_wconf 89' lang='lat' dir='ltr'>possidere</span> <span class='ocrx_word' id='word_1_217' title='bbox 1208 1914 1218 1950; x_wconf 91' lang='lat'>:</span> <span class='ocrx_word' id='word_1_218' title='bbox 1246 1896 1348 1951; x_wconf 85' lang='lat' dir='ltr'>tibi</span> <span class='ocrx_word' id='word_1_219' title='bbox 1377 1901 1577 1951; x_wconf 90' lang='lat' dir='ltr'>autem</span> <span class='ocrx_word' id='word_1_220' title='bbox 1608 1896 1772 1967; x_wconf 89' lang='lat' dir='ltr'>quod</span> <span class='ocrx_word' id='word_1_221' title='bbox 1807 1895 1882 1950; x_wconf 91' lang='lat' dir='ltr'>tui</span> <span class='ocrx_word' id='word_1_222' title='bbox 1908 1895 2080 1964; x_wconf 86' lang='lat' dir='ltr'>juris,</span> 
     </span>
    </p>
   </div>
   <div class='ocr_carea' id='block_1_36' title="bbox 435 1985 2085 2058">
    <p class='ocr_par' dir='ltr' id='par_1_36' title="bbox 435 1985 2085 2058">
     <span class='ocr_line' id='line_1_36' title="bbox 435 1985 2085 2058; baseline -0.003 -17"><span class='ocrx_word' id='word_1_223' title='bbox 435 1987 718 2058; x_wconf 84' lang='lat' dir='ltr'>quodque</span> <span class='ocrx_word' id='word_1_224' title='bbox 748 1990 908 2040; x_wconf 92' lang='lat' dir='ltr'>tuus.</span> <span class='ocrx_word' id='word_1_225' title='bbox 935 1985 1133 2056; x_wconf 91' lang='lat' dir='ltr'>Sitque</span> <span class='ocrx_word' id='word_1_226' title='bbox 1154 1985 1305 2039; x_wconf 90' lang='lat' dir='ltr'>inter</span> <span class='ocrx_word' id='word_1_227' title='bbox 1335 2002 1429 2040; x_wconf 90' lang='lat' dir='ltr'>me</span> <span class='ocrx_word' id='word_1_228' title='bbox 1461 1991 1516 2039; x_wconf 91' lang='lat' dir='ltr'>et</span> <span class='ocrx_word' id='word_1_229' title='bbox 1542 1991 1593 2040; x_wconf 91' lang='lat' dir='ltr'>te</span> <span class='ocrx_word' id='word_1_230' title='bbox 1624 2001 1741 2056; x_wconf 87' lang='lat' dir='ltr'>pax</span> <span class='ocrx_word' id='word_1_231' title='bbox 1768 1989 1823 2039; x_wconf 91' lang='lat' dir='ltr'>et</span> <span class='ocrx_word' id='word_1_232' title='bbox 1847 1999 2085 2038; x_wconf 90' lang='lat' dir='ltr'>concor-</span> 
     </span>
    </p>
   </div>
   <div class='ocr_carea' id='block_1_37' title="bbox 436 2072 2087 2143">
    <p class='ocr_par' dir='ltr' id='par_1_37' title="bbox 436 2072 2087 2143">
     <span class='ocr_line' id='line_1_37' title="bbox 436 2072 2087 2143; baseline -0.002 -15"><span class='ocrx_word' id='word_1_233' title='bbox 436 2074 535 2129; x_wconf 87' lang='lat' dir='ltr'>dia</span> <span class='ocrx_word' id='word_1_234' title='bbox 563 2072 947 2130; x_wconf 83' lang='lat' dir='ltr'>inextricabili</span> <span class='ocrx_word' id='word_1_235' title='bbox 980 2072 1199 2126; x_wconf 71' lang='lat' dir='ltr'>foedere</span> <span class='ocrx_word' id='word_1_236' title='bbox 1223 2079 1554 2143; x_wconf 87' lang='lat' dir='ltr'>compacta.</span> <span class='ocrx_word' id='word_1_237' title='bbox 1595 2097 1620 2121; x_wconf 89' lang='grc'><strong>››</strong></span> <span class='ocrx_word' id='word_1_238' title='bbox 1649 2076 1806 2127; x_wconf 87' lang='lat' dir='ltr'>Tunc</span> <span class='ocrx_word' id='word_1_239' title='bbox 1839 2072 2000 2126; x_wconf 83' lang='lat' dir='ltr'>Rollo</span> <span class='ocrx_word' id='word_1_240' title='bbox 2032 2074 2087 2124; x_wconf 92' lang='lat' dir='ltr'>et</span> 
     </span>
    </p>
   </div>
   <div class='ocr_carea' id='block_1_38' title="bbox 439 2161 2085 2233">
    <p class='ocr_par' dir='ltr' id='par_1_38' title="bbox 439 2161 2085 2233">
     <span class='ocr_line' id='line_1_38' title="bbox 439 2161 2085 2233; baseline -0.002 -15"><span class='ocrx_word' id='word_1_241' title='bbox 439 2164 659 2229; x_wconf 87' lang='lat' dir='ltr'>Gurim,</span> <span class='ocrx_word' id='word_1_242' title='bbox 692 2162 1048 2232; x_wconf 89' lang='lat' dir='ltr'>illorumque</span> <span class='ocrx_word' id='word_1_243' title='bbox 1096 2161 1309 2215; x_wconf 88' lang='lat' dir='ltr'>milites</span> <span class='ocrx_word' id='word_1_244' title='bbox 1342 2168 1519 2233; x_wconf 90' lang='lat' dir='ltr'>atque</span> <span class='ocrx_word' id='word_1_245' title='bbox 1568 2161 1847 2231; x_wconf 86' lang='lat' dir='ltr'>descripti</span> <span class='ocrx_word' id='word_1_246' title='bbox 1883 2161 1955 2216; x_wconf 89' lang='lat' dir='ltr'>ad</span> <span class='ocrx_word' id='word_1_247' title='bbox 1991 2177 2085 2215; x_wconf 85' lang='lat' dir='ltr'>ex-</span> 
     </span>
    </p>
   </div>
   <div class='ocr_carea' id='block_1_39' title="bbox 439 2248 2087 2319">
    <p class='ocr_par' dir='ltr' id='par_1_39' title="bbox 439 2248 2087 2319">
     <span class='ocr_line' id='line_1_39' title="bbox 439 2248 2087 2319; baseline -0.001 -13"><span class='ocrx_word' id='word_1_248' title='bbox 439 2249 903 2312; x_wconf 86' lang='lat' dir='ltr'>terminandum,</span> <span class='ocrx_word' id='word_1_249' title='bbox 930 2264 1141 2319; x_wconf 89' lang='lat' dir='ltr'>pacem</span> <span class='ocrx_word' id='word_1_250' title='bbox 1170 2248 1672 2303; x_wconf 85' lang='lat' dir='ltr'>collaudaverunt.</span> <span class='ocrx_word' id='word_1_251' title='bbox 1697 2249 2087 2304; x_wconf 88' lang='lat' dir='ltr'>Determinato</span> 
     </span>
    </p>
   </div>
   <div class='ocr_carea' id='block_1_40' title="bbox 439 2337 2087 2410">
    <p class='ocr_par' dir='ltr' id='par_1_40' title="bbox 439 2337 2087 2410">
     <span class='ocr_line' id='line_1_40' title="bbox 439 2337 2087 2410; baseline -0.001 -16"><span class='ocrx_word' id='word_1_252' title='bbox 439 2339 616 2408; x_wconf 89' lang='lat' dir='ltr'>igitur</span> <span class='ocrx_word' id='word_1_253' title='bbox 640 2337 1027 2407; x_wconf 75' lang='lat' dir='ltr'>conjurandze</span> <span class='ocrx_word' id='word_1_254' title='bbox 1086 2337 1355 2393; x_wconf 64' lang='lat' dir='ltr'>amicitiae</span> <span class='ocrx_word' id='word_1_255' title='bbox 1385 2343 1668 2409; x_wconf 90' lang='lat' dir='ltr'>tempore,</span> <span class='ocrx_word' id='word_1_256' title='bbox 1718 2343 1958 2410; x_wconf 91' lang='lat' dir='ltr'>uterque</span> <span class='ocrx_word' id='word_1_257' title='bbox 1987 2355 2087 2393; x_wconf 89' lang='lat' dir='ltr'>ve-</span> 
     </span>
    </p>
   </div>
   <div class='ocr_carea' id='block_1_41' title="bbox 441 2426 2087 2498">
    <p class='ocr_par' dir='ltr' id='par_1_41' title="bbox 441 2426 2087 2498">
     <span class='ocr_line' id='line_1_41' title="bbox 441 2426 2087 2498; baseline 0 -16"><span class='ocrx_word' id='word_1_258' title='bbox 441 2427 527 2482; x_wconf 89' lang='lat' dir='ltr'>nit</span> <span class='ocrx_word' id='word_1_259' title='bbox 556 2426 633 2481; x_wconf 89' lang='lat' dir='ltr'>ad</span> <span class='ocrx_word' id='word_1_260' title='bbox 665 2426 985 2498; x_wconf 89' lang='lat' dir='ltr'>placitum:</span> <span class='ocrx_word' id='word_1_261' title='bbox 1045 2427 1263 2480; x_wconf 90' lang='lat' dir='ltr'>mutuis</span> <span class='ocrx_word' id='word_1_262' title='bbox 1295 2426 1643 2481; x_wconf 88' lang='lat' dir='ltr'>muneribus</span> <span class='ocrx_word' id='word_1_263' title='bbox 1697 2427 1863 2482; x_wconf 91' lang='lat' dir='ltr'>ditati</span> <span class='ocrx_word' id='word_1_264' title='bbox 1911 2427 2087 2482; x_wconf 64' lang='grc'>110110-</span> 
     </span>
    </p>
   </div>
   <div class='ocr_carea' id='block_1_42' title="bbox 440 2513 2087 2585">
    <p class='ocr_par' dir='ltr' id='par_1_42' title="bbox 440 2513 2087 2585">
     <span class='ocr_line' id='line_1_42' title="bbox 440 2513 2087 2585; baseline -0.001 -15"><span class='ocrx_word' id='word_1_265' title='bbox 440 2516 551 2570; x_wconf 91' lang='lat' dir='ltr'>rati</span> <span class='ocrx_word' id='word_1_266' title='bbox 575 2517 730 2569; x_wconf 91' lang='lat' dir='ltr'>sunt.</span> <span class='ocrx_word' id='word_1_267' title='bbox 766 2513 1027 2585; x_wconf 89' lang='lat' dir='ltr'>Denique</span> <span class='ocrx_word' id='word_1_268' title='bbox 1054 2513 1318 2585; x_wconf 85' lang='lat' dir='ltr'>perfidus</span> <span class='ocrx_word' id='word_1_269' title='bbox 1349 2530 1449 2567; x_wconf 79' lang='lat' dir='ltr'>rex</span> <span class='ocrx_word' id='word_1_270' title='bbox 1477 2514 1850 2569; x_wconf 87' lang='lat' dir='ltr'>dolositatem</span> <span class='ocrx_word' id='word_1_271' title='bbox 1882 2530 2087 2569; x_wconf 90' lang='lat' dir='ltr'>conce-</span> 
     </span>
    </p>
   </div>
   <div class='ocr_carea' id='block_1_43' title="bbox 442 2600 2087 2676">
    <p class='ocr_par' dir='ltr' id='par_1_43' title="bbox 442 2600 2087 2676">
     <span class='ocr_line' id='line_1_43' title="bbox 442 2600 2087 2676; baseline -0.001 -18"><span class='ocrx_word' id='word_1_272' title='bbox 442 2608 555 2676; x_wconf 67' lang='lat' dir='ltr'>pta:</span> <span class='ocrx_word' id='word_1_273' title='bbox 608 2602 834 2657; x_wconf 90' lang='lat' dir='ltr'>fraudis</span> <span class='ocrx_word' id='word_1_274' title='bbox 890 2600 1104 2656; x_wconf 91' lang='lat' dir='ltr'>infesto</span> <span class='ocrx_word' id='word_1_275' title='bbox 1162 2602 1337 2657; x_wconf 89' lang='lat' dir='ltr'>corde</span> <span class='ocrx_word' id='word_1_276' title='bbox 1384 2602 1717 2667; x_wconf 86' lang='lat' dir='ltr'>ruminans,</span> <span class='ocrx_word' id='word_1_277' title='bbox 1763 2608 2087 2658; x_wconf 87' lang='lat' dir='ltr'>convocato</span> 
     </span>
    </p>
   </div>
   <div class='ocr_carea' id='block_1_44' title="bbox 441 2690 2086 2764">
    <p class='ocr_par' dir='ltr' id='par_1_44' title="bbox 441 2690 2086 2764">
     <span class='ocr_line' id='line_1_44' title="bbox 441 2690 2086 2764; baseline -0.001 -18"><span class='ocrx_word' id='word_1_278' title='bbox 441 2691 705 2764; x_wconf 87' lang='lat' dir='ltr'>quodam</span> <span class='ocrx_word' id='word_1_279' title='bbox 733 2690 991 2746; x_wconf 86' lang='lat' dir='ltr'>exercitu</span> <span class='ocrx_word' id='word_1_280' title='bbox 1021 2706 1150 2758; x_wconf 91' lang='lat' dir='ltr'>suo,</span> <span class='ocrx_word' id='word_1_281' title='bbox 1195 2695 1375 2745; x_wconf 85' lang='lat' dir='ltr'>noctu</span> <span class='ocrx_word' id='word_1_282' title='bbox 1405 2705 1658 2762; x_wconf 88' lang='lat' dir='ltr'>pergens</span> <span class='ocrx_word' id='word_1_283' title='bbox 1698 2696 1903 2746; x_wconf 90' lang='lat' dir='ltr'>contra</span> <span class='ocrx_word' id='word_1_284' title='bbox 1932 2691 2086 2760; x_wconf 84' lang='grc'>11108,</span> 
     </span>
    </p>
   </div>
   <div class='ocr_carea' id='block_1_45' title="bbox 439 2778 2088 2852">
    <p class='ocr_par' dir='ltr' id='par_1_45' title="bbox 439 2778 2088 2852">
     <span class='ocr_line' id='line_1_45' title="bbox 439 2778 2088 2852; baseline -0.001 -16"><span class='ocrx_word' id='word_1_285' title='bbox 439 2781 851 2852; x_wconf 87' lang='lat' dir='ltr'>invadensque</span> <span class='ocrx_word' id='word_1_286' title='bbox 896 2779 1044 2834; x_wconf 84' lang='lat' dir='ltr'>ﬁnes</span> <span class='ocrx_word' id='word_1_287' title='bbox 1090 2778 1346 2845; x_wconf 88' lang='lat' dir='ltr'>illorum,</span> <span class='ocrx_word' id='word_1_288' title='bbox 1400 2779 1895 2852; x_wconf 90' lang='lat' dir='ltr'>abscondensque</span> <span class='ocrx_word' id='word_1_289' title='bbox 1949 2780 2088 2835; x_wconf 87' lang='lat' dir='ltr'>insi-</span> 
     </span>
    </p>
   </div>
   <div class='ocr_carea' id='block_1_46' title="bbox 442 2866 2091 2941">
    <p class='ocr_par' dir='ltr' id='par_1_46' title="bbox 442 2866 2091 2941">
     <span class='ocr_line' id='line_1_46' title="bbox 442 2866 2091 2941; baseline 0.001 -18"><span class='ocrx_word' id='word_1_290' title='bbox 442 2869 570 2924; x_wconf 89' lang='lat' dir='ltr'>dias</span> <span class='ocrx_word' id='word_1_291' title='bbox 599 2883 787 2940; x_wconf 89' lang='lat' dir='ltr'>prope</span> <span class='ocrx_word' id='word_1_292' title='bbox 808 2867 1032 2923; x_wconf 75' lang='lat' dir='ltr'>mmnia</span> <span class='ocrx_word' id='word_1_293' title='bbox 1061 2866 1325 2934; x_wconf 88' lang='lat' dir='ltr'>civitatis;</span> <span class='ocrx_word' id='word_1_294' title='bbox 1349 2884 1701 2939; x_wconf 85' lang='lat' dir='ltr'>oppugnare</span> <span class='ocrx_word' id='word_1_295' title='bbox 1731 2870 2091 2941; x_wconf 88' lang='lat' dir='ltr'>coepit.Tunc</span> 
     </span>
    </p>
   </div>
   <div class='ocr_carea' id='block_1_47' title="bbox 441 2955 2091 3027">
    <p class='ocr_par' dir='ltr' id='par_1_47' title="bbox 441 2955 2091 3027">
     <span class='ocr_line' id='line_1_47' title="bbox 441 2955 2091 3027; baseline 0.001 -14"><span class='ocrx_word' id='word_1_296' title='bbox 441 2958 605 3013; x_wconf 84' lang='lat' dir='ltr'>R0110</span> <span class='ocrx_word' id='word_1_297' title='bbox 633 2961 688 3012; x_wconf 92' lang='lat' dir='ltr'>et</span> <span class='ocrx_word' id='word_1_298' title='bbox 716 2955 937 3022; x_wconf 87' lang='lat' dir='ltr'>Gurim,</span> <span class='ocrx_word' id='word_1_299' title='bbox 998 2961 1055 3011; x_wconf 92' lang='lat' dir='ltr'>et</span> <span class='ocrx_word' id='word_1_300' title='bbox 1104 2956 1208 3027; x_wconf 90' lang='lat' dir='ltr'>qui</span> <span class='ocrx_word' id='word_1_301' title='bbox 1234 2972 1371 3010; x_wconf 90' lang='lat' dir='ltr'>cum</span> <span class='ocrx_word' id='word_1_302' title='bbox 1416 2973 1485 3011; x_wconf 92' lang='lat' dir='ltr'>eo</span> <span class='ocrx_word' id='word_1_303' title='bbox 1525 2963 1710 3023; x_wconf 88' lang='lat' dir='ltr'>erant,</span> <span class='ocrx_word' id='word_1_304' title='bbox 1760 2959 2091 3014; x_wconf 84' lang='lat' dir='ltr'>exsilientes</span> 
     </span>
    </p>
   </div>
   <div class='ocr_carea' id='block_1_48' title="bbox 2194 1800 3774 1879">
    <p class='ocr_par' dir='ltr' id='par_1_48' title="bbox 2194 1800 3774 1879">
     <span class='ocr_line' id='line_1_48' title="bbox 2194 1800 3774 1879; baseline 0.003 -22"><span class='ocrx_word' id='word_1_305' title='bbox 2194 1809 2378 1867; x_wconf 84' lang='lat' dir='ltr'>artus,</span> <span class='ocrx_word' id='word_1_306' title='bbox 2430 1821 2641 1877; x_wconf 89' lang='lat' dir='ltr'>sopore</span> <span class='ocrx_word' id='word_1_307' title='bbox 2686 1821 3032 1879; x_wconf 88' lang='lat' dir='ltr'>oppressos,</span> <span class='ocrx_word' id='word_1_308' title='bbox 3088 1821 3207 1859; x_wconf 85' lang='lat' dir='ltr'>vox</span> <span class='ocrx_word' id='word_1_309' title='bbox 3254 1804 3460 1859; x_wconf 89' lang='lat' dir='ltr'>divina</span> <span class='ocrx_word' id='word_1_310' title='bbox 3505 1803 3579 1858; x_wconf 91' lang='lat' dir='ltr'>illi</span> <span class='ocrx_word' id='word_1_311' title='bbox 3615 1800 3774 1861; x_wconf 64' lang='lat' dir='ltr'>sonuit</span> 
     </span>
    </p>
   </div>
   <div class='ocr_carea' id='block_1_49' title="bbox 2193 1888 3775 1966">
    <p class='ocr_par' dir='ltr' id='par_1_49' title="bbox 2193 1888 3775 1966">
     <span class='ocr_line' id='line_1_49' title="bbox 2193 1888 3775 1966; baseline -0.003 -20"><span class='ocrx_word' id='word_1_312' title='bbox 2193 1893 2434 1947; x_wconf 87' lang='lat' dir='ltr'>dicens:</span> <span class='ocrx_word' id='word_1_313' title='bbox 2497 1917 2523 1941; x_wconf 83' lang='lat'><strong><em>«</em></strong></span> <span class='ocrx_word' id='word_1_314' title='bbox 2572 1894 2756 1965; x_wconf 75' lang='lat' dir='ltr'>ltollo,</span> <span class='ocrx_word' id='word_1_315' title='bbox 2816 1894 3095 1950; x_wconf 88' lang='lat' dir='ltr'>velociter</span> <span class='ocrx_word' id='word_1_316' title='bbox 3142 1910 3346 1963; x_wconf 86' lang='lat' dir='ltr'>surge,</span> <span class='ocrx_word' id='word_1_317' title='bbox 3392 1896 3627 1966; x_wconf 88' lang='lat' dir='ltr'>pontum</span> <span class='ocrx_word' id='word_1_318' title='bbox 3666 1888 3775 1944; x_wconf 73' lang='lat' dir='ltr'>festi-</span> 
     </span>
    </p>
   </div>
   <div class='ocr_carea' id='block_1_50' title="bbox 2196 1981 3773 2052">
    <p class='ocr_par' dir='ltr' id='par_1_50' title="bbox 2196 1981 3773 2052">
     <span class='ocr_line' id='line_1_50' title="bbox 2196 1981 3773 2052; baseline -0.002 -17"><span class='ocrx_word' id='word_1_319' title='bbox 2196 2004 2218 2028; x_wconf 77' lang='grc' dir='ltr'>(ι</span> <span class='ocrx_word' id='word_1_320' title='bbox 2264 1988 2473 2037; x_wconf 89' lang='lat' dir='ltr'>nauter</span> <span class='ocrx_word' id='word_1_321' title='bbox 2516 1984 2754 2051; x_wconf 86' lang='lat' dir='ltr'>navigio</span> <span class='ocrx_word' id='word_1_322' title='bbox 2796 1988 3194 2048; x_wconf 88' lang='lat' dir='ltr'>transmeans,</span> <span class='ocrx_word' id='word_1_323' title='bbox 3239 1982 3319 2038; x_wconf 91' lang='lat' dir='ltr'>ad</span> <span class='ocrx_word' id='word_1_324' title='bbox 3360 1981 3571 2050; x_wconf 83' lang='lat' dir='ltr'>Anglos</span> <span class='ocrx_word' id='word_1_325' title='bbox 3613 1995 3773 2052; x_wconf 77' lang='lat' dir='ltr'>perge:</span> 
     </span>
    </p>
   </div>
   <div class='ocr_carea' id='block_1_51' title="bbox 2196 2066 3774 2143">
    <p class='ocr_par' dir='ltr' id='par_1_51' title="bbox 2196 2066 3774 2143">
     <span class='ocr_line' id='line_1_51' title="bbox 2196 2066 3774 2143; baseline -0.003 -20"><span class='ocrx_word' id='word_1_326' title='bbox 2196 2092 2219 2115; x_wconf 82' lang='grc'>‹‹</span> <span class='ocrx_word' id='word_1_327' title='bbox 2265 2070 2367 2123; x_wconf 89' lang='lat' dir='ltr'>ubi</span> <span class='ocrx_word' id='word_1_328' title='bbox 2398 2071 2603 2125; x_wconf 87' lang='lat' dir='ltr'>audies</span> <span class='ocrx_word' id='word_1_329' title='bbox 2636 2072 2800 2143; x_wconf 89' lang='lat' dir='ltr'>quod</span> <span class='ocrx_word' id='word_1_330' title='bbox 2845 2072 2924 2126; x_wconf 87' lang='lat' dir='ltr'>ad</span> <span class='ocrx_word' id='word_1_331' title='bbox 2969 2071 3228 2143; x_wconf 88' lang='lat' dir='ltr'>patriam</span> <span class='ocrx_word' id='word_1_332' title='bbox 3269 2086 3477 2142; x_wconf 89' lang='lat' dir='ltr'>sospes</span> <span class='ocrx_word' id='word_1_333' title='bbox 3518 2066 3774 2123; x_wconf 79' lang='lat' dir='ltr'>reverteris.</span> 
     </span>
    </p>
   </div>
   <div class='ocr_carea' id='block_1_52' title="bbox 2196 2154 3776 2231">
    <p class='ocr_par' dir='ltr' id='par_1_52' title="bbox 2196 2154 3776 2231">
     <span class='ocr_line' id='line_1_52' title="bbox 2196 2154 3776 2231; baseline -0.003 -20"><span class='ocrx_word' id='word_1_334' title='bbox 2196 2181 2220 2205; x_wconf 80' lang='grc' dir='ltr'>(ι</span> <span class='ocrx_word' id='word_1_335' title='bbox 2264 2164 2671 2231; x_wconf 89' lang='lat' dir='ltr'>perpetuaque</span> <span class='ocrx_word' id='word_1_336' title='bbox 2720 2176 2867 2231; x_wconf 90' lang='lat' dir='ltr'>pace</span> <span class='ocrx_word' id='word_1_337' title='bbox 2899 2160 2958 2215; x_wconf 90' lang='lat' dir='ltr'>in</span> <span class='ocrx_word' id='word_1_338' title='bbox 2996 2176 3066 2215; x_wconf 89' lang='lat' dir='ltr'>ea</span> <span class='ocrx_word' id='word_1_339' title='bbox 3118 2160 3245 2215; x_wconf 90' lang='lat' dir='ltr'>sine</span> <span class='ocrx_word' id='word_1_340' title='bbox 3294 2158 3635 2214; x_wconf 84' lang='lat' dir='ltr'>detrimento</span> <span class='ocrx_word' id='word_1_341' title='bbox 3670 2154 3776 2208; x_wconf 86' lang='lat' dir='ltr'>frue-</span> 
     </span>
    </p>
   </div>
   <div class='ocr_carea' id='block_1_53' title="bbox 2197 2241 3776 2320">
    <p class='ocr_par' dir='ltr' id='par_1_53' title="bbox 2197 2241 3776 2320">
     <span class='ocr_line' id='line_1_53' title="bbox 2197 2241 3776 2320; baseline -0.003 -20"><span class='ocrx_word' id='word_1_342' title='bbox 2197 2270 2221 2293; x_wconf 90' lang='grc'>‹‹</span> <span class='ocrx_word' id='word_1_343' title='bbox 2264 2246 2361 2300; x_wconf 82' lang='grc'>118.</span> <span class='ocrx_word' id='word_1_344' title='bbox 2400 2270 2425 2295; x_wconf 75' lang='grc' dir='ltr'>η</span> <span class='ocrx_word' id='word_1_345' title='bbox 2454 2250 2571 2302; x_wconf 83' lang='grc'>1100</span> <span class='ocrx_word' id='word_1_346' title='bbox 2625 2248 2927 2302; x_wconf 89' lang='lat' dir='ltr'>somnium</span> <span class='ocrx_word' id='word_1_347' title='bbox 2959 2264 3096 2303; x_wconf 91' lang='lat' dir='ltr'>cum</span> <span class='ocrx_word' id='word_1_348' title='bbox 3147 2247 3404 2320; x_wconf 90' lang='lat' dir='ltr'>quidam</span> <span class='ocrx_word' id='word_1_349' title='bbox 3446 2241 3776 2316; x_wconf 86' lang='lat' dir='ltr'>sapientiviro</span> 
     </span>
    </p>
   </div>
   <div class='ocr_carea' id='block_1_54' title="bbox 2195 2331 3775 2406">
    <p class='ocr_par' dir='ltr' id='par_1_54' title="bbox 2195 2331 3775 2406">
     <span class='ocr_line' id='line_1_54' title="bbox 2195 2331 3775 2406; baseline -0.004 -17"><span class='ocrx_word' id='word_1_350' title='bbox 2195 2339 2250 2389; x_wconf 92' lang='lat' dir='ltr'>et</span> <span class='ocrx_word' id='word_1_351' title='bbox 2281 2336 2632 2391; x_wconf 79' lang='lat' dir='ltr'>Christicolae</span> <span class='ocrx_word' id='word_1_352' title='bbox 2662 2336 2969 2403; x_wconf 91' lang='lat' dir='ltr'>retulisset,</span> <span class='ocrx_word' id='word_1_353' title='bbox 2989 2336 3339 2406; x_wconf 89' lang='lat' dir='ltr'>hujusmodi</span> <span class='ocrx_word' id='word_1_354' title='bbox 3372 2348 3631 2390; x_wconf 88' lang='lat' dir='ltr'>sermone</span> <span class='ocrx_word' id='word_1_355' title='bbox 3655 2331 3775 2386; x_wconf 51' lang='lat' dir='ltr'>inter.</span> 
     </span>
    </p>
   </div>
   <div class='ocr_carea' id='block_1_55' title="bbox 2196 2421 3776 2496">
    <p class='ocr_par' dir='ltr' id='par_1_55' title="bbox 2196 2421 3776 2496">
     <span class='ocr_line' id='line_1_55' title="bbox 2196 2421 3776 2496; baseline -0.005 -18"><span class='ocrx_word' id='word_1_356' title='bbox 2196 2430 2458 2496; x_wconf 90' lang='lat' dir='ltr'>pretatus</span> <span class='ocrx_word' id='word_1_357' title='bbox 2487 2430 2604 2479; x_wconf 90' lang='lat' dir='ltr'>est:</span> <span class='ocrx_word' id='word_1_358' title='bbox 2638 2448 2661 2471; x_wconf 93' lang='grc'>‹‹</span> <span class='ocrx_word' id='word_1_359' title='bbox 2688 2428 2771 2480; x_wconf 88' lang='lat' dir='ltr'>Tu</span> <span class='ocrx_word' id='word_1_360' title='bbox 2799 2429 3077 2493; x_wconf 87' lang='lat' dir='ltr'>vergente</span> <span class='ocrx_word' id='word_1_361' title='bbox 3098 2425 3333 2480; x_wconf 84' lang='lat' dir='ltr'>venturi</span> <span class='ocrx_word' id='word_1_362' title='bbox 3367 2421 3633 2496; x_wconf 86' lang='lat' dir='ltr'>temporis</span> <span class='ocrx_word' id='word_1_363' title='bbox 3656 2432 3776 2474; x_wconf 83' lang='lat' dir='ltr'>cursu</span> 
     </span>
    </p>
   </div>
   <div class='ocr_carea' id='block_1_56' title="bbox 2197 2509 3775 2586">
    <p class='ocr_par' dir='ltr' id='par_1_56' title="bbox 2197 2509 3775 2586">
     <span class='ocr_line' id='line_1_56' title="bbox 2197 2509 3775 2586; baseline -0.005 -19"><span class='ocrx_word' id='word_1_364' title='bbox 2197 2530 2363 2568; x_wconf 91' lang='lat' dir='ltr'>sacro</span> <span class='ocrx_word' id='word_1_365' title='bbox 2395 2519 2599 2569; x_wconf 90' lang='lat' dir='ltr'>sancto</span> <span class='ocrx_word' id='word_1_366' title='bbox 2624 2514 2981 2586; x_wconf 87' lang='lat' dir='ltr'>baptismate</span> <span class='ocrx_word' id='word_1_367' title='bbox 3009 2512 3442 2586; x_wconf 87' lang='lat' dir='ltr'>puriﬁcaberis,</span> <span class='ocrx_word' id='word_1_368' title='bbox 3474 2509 3775 2584; x_wconf 68' lang='lat' dir='ltr'>prmdignus-</span> 
     </span>
    </p>
   </div>
   <div class='ocr_carea' id='block_1_57' title="bbox 2196 2595 3777 2672">
    <p class='ocr_par' dir='ltr' id='par_1_57' title="bbox 2196 2595 3777 2672">
     <span class='ocr_line' id='line_1_57' title="bbox 2196 2595 3777 2672; baseline -0.005 -17"><span class='ocrx_word' id='word_1_369' title='bbox 2196 2618 2312 2672; x_wconf 91' lang='lat' dir='ltr'>que</span> <span class='ocrx_word' id='word_1_370' title='bbox 2364 2602 2705 2657; x_wconf 85' lang='lat' dir='ltr'>Christicola</span> <span class='ocrx_word' id='word_1_371' title='bbox 2749 2602 3055 2657; x_wconf 82' lang='lat' dir='ltr'>efﬁcieris:</span> <span class='ocrx_word' id='word_1_372' title='bbox 3090 2602 3249 2657; x_wconf 87' lang='lat' dir='ltr'>etab</span> <span class='ocrx_word' id='word_1_373' title='bbox 3289 2617 3489 2657; x_wconf 82' lang='lat' dir='ltr'>errore</span> <span class='ocrx_word' id='word_1_374' title='bbox 3516 2595 3777 2654; x_wconf 83' lang='lat' dir='ltr'>ﬂuctuantis</span> 
     </span>
    </p>
   </div>
   <div class='ocr_carea' id='block_1_58' title="bbox 2199 2682 3777 2761">
    <p class='ocr_par' dir='ltr' id='par_1_58' title="bbox 2199 2682 3777 2761">
     <span class='ocr_line' id='line_1_58' title="bbox 2199 2682 3777 2761; baseline -0.005 -18"><span class='ocrx_word' id='word_1_375' title='bbox 2199 2690 2396 2744; x_wconf 59' lang='grc'>80101111</span> <span class='ocrx_word' id='word_1_376' title='bbox 2450 2690 2528 2745; x_wconf 91' lang='lat' dir='ltr'>ad</span> <span class='ocrx_word' id='word_1_377' title='bbox 2573 2690 2813 2761; x_wconf 86' lang='lat' dir='ltr'>Anglos,</span> <span class='ocrx_word' id='word_1_378' title='bbox 2868 2690 3086 2745; x_wconf 91' lang='lat' dir='ltr'>scilicet</span> <span class='ocrx_word' id='word_1_379' title='bbox 3134 2689 3420 2759; x_wconf 84' lang='lat' dir='ltr'>Angelos,</span> <span class='ocrx_word' id='word_1_380' title='bbox 3471 2702 3646 2759; x_wconf 90' lang='lat' dir='ltr'>usque</span> <span class='ocrx_word' id='word_1_381' title='bbox 3686 2682 3777 2738; x_wconf 87' lang='lat' dir='ltr'>olim</span> 
     </span>
    </p>
   </div>
   <div class='ocr_carea' id='block_1_59' title="bbox 2197 2770 3779 2851">
    <p class='ocr_par' dir='ltr' id='par_1_59' title="bbox 2197 2770 3779 2851">
     <span class='ocr_line' id='line_1_59' title="bbox 2197 2770 3779 2851; baseline -0.006 -19"><span class='ocrx_word' id='word_1_382' title='bbox 2197 2778 2523 2849; x_wconf 83' lang='lat' dir='ltr'>pervenies,</span> <span class='ocrx_word' id='word_1_383' title='bbox 2580 2794 2911 2851; x_wconf 91' lang='lat' dir='ltr'>pacemque</span> <span class='ocrx_word' id='word_1_384' title='bbox 2964 2778 3246 2851; x_wconf 88' lang='lat' dir='ltr'>perennis</span> <span class='ocrx_word' id='word_1_385' title='bbox 3306 2777 3511 2847; x_wconf 73' lang='lat' dir='ltr'>gloriae</span> <span class='ocrx_word' id='word_1_386' title='bbox 3564 2790 3679 2829; x_wconf 90' lang='lat' dir='ltr'>cum</span> <span class='ocrx_word' id='word_1_387' title='bbox 3710 2770 3779 2825; x_wconf 81' lang='lat' dir='ltr'>illis</span> 
     </span>
    </p>
   </div>
   <div class='ocr_carea' id='block_1_60' title="bbox 2200 2863 3779 2941">
    <p class='ocr_par' dir='ltr' id='par_1_60' title="bbox 2200 2863 3779 2941">
     <span class='ocr_line' id='line_1_60' title="bbox 2200 2863 3779 2941; baseline -0.003 -19"><span class='ocrx_word' id='word_1_388' title='bbox 2200 2867 2468 2922; x_wconf 88' lang='lat' dir='ltr'>habebis.</span> <span class='ocrx_word' id='word_1_389' title='bbox 2506 2890 2533 2917; x_wconf 83' lang='lat'><em>»</em></span> <span class='ocrx_word' id='word_1_390' title='bbox 2593 2867 2749 2922; x_wconf 90' lang='lat' dir='ltr'>lllico</span> <span class='ocrx_word' id='word_1_391' title='bbox 2793 2868 2925 2924; x_wconf 89' lang='lat' dir='ltr'>vela</span> <span class='ocrx_word' id='word_1_392' title='bbox 2976 2868 3237 2924; x_wconf 89' lang='lat' dir='ltr'>navibus</span> <span class='ocrx_word' id='word_1_393' title='bbox 3293 2872 3533 2941; x_wconf 88' lang='lat' dir='ltr'>aptans,</span> <span class='ocrx_word' id='word_1_394' title='bbox 3559 2863 3779 2931; x_wconf 68' lang='lat' dir='ltr'>remisque</span> 
     </span>
    </p>
   </div>
   <div class='ocr_carea' id='block_1_61' title="bbox 2200 2954 3777 3030">
    <p class='ocr_par' dir='ltr' id='par_1_61' title="bbox 2200 2954 3777 3030">
     <span class='ocr_line' id='line_1_61' title="bbox 2200 2954 3777 3030; baseline -0.003 -18"><span class='ocrx_word' id='word_1_395' title='bbox 2200 2973 2302 3012; x_wconf 90' lang='lat' dir='ltr'>eas</span> <span class='ocrx_word' id='word_1_396' title='bbox 2353 2973 2669 3024; x_wconf 82' lang='lat' dir='ltr'>exornans,</span> <span class='ocrx_word' id='word_1_397' title='bbox 2732 2962 2909 3030; x_wconf 87' lang='lat' dir='ltr'>atque</span> <span class='ocrx_word' id='word_1_398' title='bbox 2962 2957 3283 3023; x_wconf 89' lang='lat' dir='ltr'>frumento,</span> <span class='ocrx_word' id='word_1_399' title='bbox 3340 2958 3503 3023; x_wconf 89' lang='lat' dir='ltr'>vino,</span> <span class='ocrx_word' id='word_1_400' title='bbox 3559 2954 3777 3023; x_wconf 73' lang='lat' dir='ltr'>tergisque</span> 
     </span>
    </p>
   </div>
   <div class='ocr_carea' id='block_1_62' title="bbox 443 3044 3775 3124">
    <p class='ocr_par' dir='ltr' id='par_1_62' title="bbox 443 3044 3775 3124">
     <span class='ocr_line' id='line_1_62' title="bbox 443 3044 3775 3124; baseline -0.001 -24"><span class='ocrx_word' id='word_1_401' title='bbox 443 3046 517 3101; x_wconf 91' lang='lat' dir='ltr'>de</span> <span class='ocrx_word' id='word_1_402' title='bbox 564 3045 818 3114; x_wconf 86' lang='lat' dir='ltr'>civitate,</span> <span class='ocrx_word' id='word_1_403' title='bbox 863 3044 1378 3117; x_wconf 90' lang='lat' dir='ltr'>persequebantur</span> <span class='ocrx_word' id='word_1_404' title='bbox 1412 3062 1609 3113; x_wconf 82' lang='lat' dir='ltr'>regem</span> <span class='ocrx_word' id='word_1_405' title='bbox 1664 3052 1826 3116; x_wconf 90' lang='lat' dir='ltr'>terga</span> <span class='ocrx_word' id='word_1_406' title='bbox 1867 3053 2093 3103; x_wconf 87' lang='lat' dir='ltr'>vertcn-</span> <span class='ocrx_word' id='word_1_407' title='bbox 2124 3071 2163 3124; x_wconf 75' lang='lat' dir='ltr'><strong>C</strong></span> <span class='ocrx_word' id='word_1_408' title='bbox 2204 3063 2380 3101; x_wconf 90' lang='lat' dir='ltr'>suum</span> <span class='ocrx_word' id='word_1_409' title='bbox 2413 3062 2513 3101; x_wconf 89' lang='lat' dir='ltr'>eas</span> <span class='ocrx_word' id='word_1_410' title='bbox 2544 3063 2822 3114; x_wconf 91' lang='lat' dir='ltr'>onerans,</span> <span class='ocrx_word' id='word_1_411' title='bbox 2867 3046 3191 3103; x_wconf 86' lang='lat' dir='ltr'>velivolum</span> <span class='ocrx_word' id='word_1_412' title='bbox 3233 3062 3406 3103; x_wconf 88' lang='lat' dir='ltr'>mare</span> <span class='ocrx_word' id='word_1_413' title='bbox 3438 3044 3675 3102; x_wconf 85' lang='lat' dir='ltr'>celeriter</span> <span class='ocrx_word' id='word_1_414' title='bbox 3696 3054 3775 3112; x_wconf 57' lang='lat' dir='ltr'>per</span> 
     </span>
    </p>
   </div>
   <div class='ocr_carea' id='block_1_63' title="bbox 444 3133 2094 3205">
    <p class='ocr_par' dir='ltr' id='par_1_63' title="bbox 444 3133 2094 3205">
     <span class='ocr_line' id='line_1_63' title="bbox 444 3133 2094 3205; baseline 0.002 -17"><span class='ocrx_word' id='word_1_415' title='bbox 444 3140 588 3203; x_wconf 90' lang='lat' dir='ltr'>tem,</span> <span class='ocrx_word' id='word_1_416' title='bbox 644 3133 973 3204; x_wconf 88' lang='lat' dir='ltr'>fugamque</span> <span class='ocrx_word' id='word_1_417' title='bbox 1032 3133 1428 3188; x_wconf 89' lang='lat' dir='ltr'>simulantem.</span> <span class='ocrx_word' id='word_1_418' title='bbox 1482 3138 1871 3205; x_wconf 90' lang='lat' dir='ltr'>Transgresso</span> <span class='ocrx_word' id='word_1_419' title='bbox 1918 3137 2094 3205; x_wconf 88' lang='lat' dir='ltr'>igitur</span> 
     </span>
    </p>
   </div>
   <div class='ocr_carea' id='block_1_64' title="bbox 442 3220 2092 3295">
    <p class='ocr_par' dir='ltr' id='par_1_64' title="bbox 442 3220 2092 3295">
     <span class='ocr_line' id='line_1_64' title="bbox 442 3220 2092 3295; baseline 0.001 -18"><span class='ocrx_word' id='word_1_420' title='bbox 442 3221 644 3277; x_wconf 89' lang='lat' dir='ltr'>locum</span> <span class='ocrx_word' id='word_1_421' title='bbox 692 3220 1044 3275; x_wconf 89' lang='lat' dir='ltr'>insidiarum</span> <span class='ocrx_word' id='word_1_422' title='bbox 1114 3220 1373 3284; x_wconf 82' lang='lat' dir='ltr'>Rollone,</span> <span class='ocrx_word' id='word_1_423' title='bbox 1432 3239 1569 3294; x_wconf 88' lang='lat' dir='ltr'>pars</span> <span class='ocrx_word' id='word_1_424' title='bbox 1625 3224 1909 3295; x_wconf 64' lang='lat' dir='ltr'>quaedam</span> <span class='ocrx_word' id='word_1_425' title='bbox 1967 3224 2092 3279; x_wconf 91' lang='lat' dir='ltr'>illa-</span> 
     </span>
    </p>
   </div>
   <div class='ocr_carea' id='block_1_65' title="bbox 444 3308 2095 3382">
    <p class='ocr_par' dir='ltr' id='par_1_65' title="bbox 444 3308 2095 3382">
     <span class='ocr_line' id='line_1_65' title="bbox 444 3308 2095 3382; baseline 0.002 -17"><span class='ocrx_word' id='word_1_426' title='bbox 444 3326 582 3365; x_wconf 90' lang='lat' dir='ltr'>rum</span> <span class='ocrx_word' id='word_1_427' title='bbox 611 3310 684 3364; x_wconf 91' lang='lat' dir='ltr'>de</span> <span class='ocrx_word' id='word_1_428' title='bbox 708 3308 970 3364; x_wconf 89' lang='lat' dir='ltr'>latibulis</span> <span class='ocrx_word' id='word_1_429' title='bbox 1018 3324 1273 3379; x_wconf 88' lang='lat' dir='ltr'>egressa,</span> <span class='ocrx_word' id='word_1_430' title='bbox 1326 3312 1468 3382; x_wconf 90' lang='lat' dir='ltr'>petit</span> <span class='ocrx_word' id='word_1_431' title='bbox 1509 3312 1741 3367; x_wconf 88' lang='lat' dir='ltr'>urbem.</span> <span class='ocrx_word' id='word_1_432' title='bbox 1785 3315 1975 3378; x_wconf 89' lang='lat' dir='ltr'>Quam</span> <span class='ocrx_word' id='word_1_433' title='bbox 2007 3330 2095 3368; x_wconf 90' lang='lat' dir='ltr'>ar-</span> 
     </span>
    </p>
   </div>
   <div class='ocr_carea' id='block_1_66' title="bbox 450 3398 2094 3474">
    <p class='ocr_par' dir='ltr' id='par_1_66' title="bbox 450 3398 2094 3474">
     <span class='ocr_line' id='line_1_66' title="bbox 450 3398 2094 3474; baseline 0.002 -21"><span class='ocrx_word' id='word_1_434' title='bbox 450 3398 692 3468; x_wconf 86' lang='lat' dir='ltr'>migeris</span> <span class='ocrx_word' id='word_1_435' title='bbox 717 3414 973 3453; x_wconf 90' lang='lat' dir='ltr'>vacuam</span> <span class='ocrx_word' id='word_1_436' title='bbox 1029 3399 1355 3466; x_wconf 90' lang='lat' dir='ltr'>inveniunt,</span> <span class='ocrx_word' id='word_1_437' title='bbox 1379 3399 1672 3469; x_wconf 90' lang='lat' dir='ltr'>incendit;</span> <span class='ocrx_word' id='word_1_438' title='bbox 1704 3401 2094 3474; x_wconf 89' lang='lat' dir='ltr'>omniumque</span> 
     </span>
    </p>
   </div>
   <div class='ocr_carea' id='block_1_67' title="bbox 448 3488 2096 3560">
    <p class='ocr_par' dir='ltr' id='par_1_67' title="bbox 448 3488 2096 3560">
     <span class='ocr_line' id='line_1_67' title="bbox 448 3488 2096 3560; baseline 0.003 -18"><span class='ocrx_word' id='word_1_439' title='bbox 448 3488 898 3559; x_wconf 86' lang='lat' dir='ltr'>supellectilium</span> <span class='ocrx_word' id='word_1_440' title='bbox 944 3488 1133 3560; x_wconf 90' lang='lat' dir='ltr'>spolia</span> <span class='ocrx_word' id='word_1_441' title='bbox 1182 3489 1293 3543; x_wconf 91' lang='lat' dir='ltr'>sibi</span> <span class='ocrx_word' id='word_1_442' title='bbox 1335 3490 1560 3546; x_wconf 85' lang='lat' dir='ltr'>detulit.</span> <span class='ocrx_word' id='word_1_443' title='bbox 1624 3492 1910 3556; x_wconf 66' lang='lat' dir='ltr'>Quaedam</span> <span class='ocrx_word' id='word_1_444' title='bbox 1958 3508 2096 3548; x_wconf 90' lang='lat' dir='ltr'>vero</span> 
     </span>
    </p>
   </div>
   <div class='ocr_carea' id='block_1_68' title="bbox 448 3577 2097 3649">
    <p class='ocr_par' dir='ltr' id='par_1_68' title="bbox 448 3577 2097 3649">
     <span class='ocr_line' id='line_1_68' title="bbox 448 3577 2097 3649; baseline 0.003 -17"><span class='ocrx_word' id='word_1_445' title='bbox 448 3577 809 3649; x_wconf 90' lang='lat' dir='ltr'>sequebatur</span> <span class='ocrx_word' id='word_1_446' title='bbox 876 3577 1202 3644; x_wconf 83' lang='lat' dir='ltr'>Rollonem,</span> <span class='ocrx_word' id='word_1_447' title='bbox 1274 3594 1476 3647; x_wconf 88' lang='lat' dir='ltr'>regem</span> <span class='ocrx_word' id='word_1_448' title='bbox 1556 3580 1749 3635; x_wconf 86' lang='lat' dir='ltr'>hostili</span> <span class='ocrx_word' id='word_1_449' title='bbox 1825 3582 2097 3637; x_wconf 90' lang='lat' dir='ltr'>immani-</span> 
     </span>
    </p>
   </div>
   <div class='ocr_carea' id='block_1_69' title="bbox 446 3666 2099 3737">
    <p class='ocr_par' dir='ltr' id='par_1_69' title="bbox 446 3666 2099 3737">
     <span class='ocr_line' id='line_1_69' title="bbox 446 3666 2099 3737; baseline 0.002 -14"><span class='ocrx_word' id='word_1_450' title='bbox 446 3672 562 3723; x_wconf 90' lang='lat' dir='ltr'>tate</span> <span class='ocrx_word' id='word_1_451' title='bbox 618 3666 943 3737; x_wconf 87' lang='lat' dir='ltr'>fugantem.</span> <span class='ocrx_word' id='word_1_452' title='bbox 988 3671 1245 3724; x_wconf 90' lang='lat' dir='ltr'>Cernens</span> <span class='ocrx_word' id='word_1_453' title='bbox 1290 3674 1490 3725; x_wconf 90' lang='lat' dir='ltr'>autem</span> <span class='ocrx_word' id='word_1_454' title='bbox 1517 3686 1621 3725; x_wconf 89' lang='lat' dir='ltr'>rex</span> <span class='ocrx_word' id='word_1_455' title='bbox 1661 3670 1967 3727; x_wconf 87' lang='lat' dir='ltr'>incensam</span> <span class='ocrx_word' id='word_1_456' title='bbox 2010 3688 2099 3727; x_wconf 88' lang='lat' dir='ltr'>ur-</span> 
     </span>
    </p>
   </div>
   <div class='ocr_carea' id='block_1_70' title="bbox 446 3756 2098 3831">
    <p class='ocr_par' dir='ltr' id='par_1_70' title="bbox 446 3756 2098 3831">
     <span class='ocr_line' id='line_1_70' title="bbox 446 3756 2098 3831; baseline 0.003 -20"><span class='ocrx_word' id='word_1_457' title='bbox 446 3757 607 3824; x_wconf 91' lang='lat' dir='ltr'>bem,</span> <span class='ocrx_word' id='word_1_458' title='bbox 654 3756 1023 3828; x_wconf 89' lang='lat' dir='ltr'>insidiasque</span> <span class='ocrx_word' id='word_1_459' title='bbox 1047 3756 1391 3829; x_wconf 69' lang='lat' dir='ltr'>praevalere,</span> <span class='ocrx_word' id='word_1_460' title='bbox 1444 3763 1844 3828; x_wconf 87' lang='lat' dir='ltr'>retrogressus</span> <span class='ocrx_word' id='word_1_461' title='bbox 1865 3761 2098 3831; x_wconf 59' lang='lat' dir='ltr'>praelia—</span> 
     </span>
    </p>
   </div>
   <div class='ocr_carea' id='block_1_71' title="bbox 447 3844 2099 3919">
    <p class='ocr_par' dir='ltr' id='par_1_71' title="bbox 447 3844 2099 3919">
     <span class='ocr_line' id='line_1_71' title="bbox 447 3844 2099 3919; baseline 0.004 -20"><span class='ocrx_word' id='word_1_462' title='bbox 447 3845 623 3900; x_wconf 88' lang='lat' dir='ltr'>batur</span> <span class='ocrx_word' id='word_1_463' title='bbox 653 3850 863 3900; x_wconf 87' lang='lat' dir='ltr'>contra</span> <span class='ocrx_word' id='word_1_464' title='bbox 907 3844 1095 3900; x_wconf 88' lang='lat' dir='ltr'>illum.</span> <span class='ocrx_word' id='word_1_465' title='bbox 1130 3846 1305 3901; x_wconf 67' lang='lat' dir='ltr'>Ctesis</span> <span class='ocrx_word' id='word_1_466' title='bbox 1353 3863 1493 3916; x_wconf 89' lang='lat' dir='ltr'>ergo</span> <span class='ocrx_word' id='word_1_467' title='bbox 1535 3864 1607 3902; x_wconf 87' lang='lat' dir='ltr'>ex</span> <span class='ocrx_word' id='word_1_468' title='bbox 1644 3853 1810 3919; x_wconf 89' lang='lat' dir='ltr'>parte</span> <span class='ocrx_word' id='word_1_469' title='bbox 1842 3850 2099 3905; x_wconf 84' lang='lat' dir='ltr'>Rollonis</span> 
     </span>
    </p>
   </div>
   <div class='ocr_carea' id='block_1_72' title="bbox 448 3931 2101 4011">
    <p class='ocr_par' dir='ltr' id='par_1_72' title="bbox 448 3931 2101 4011">
     <span class='ocr_line' id='line_1_72' title="bbox 448 3931 2101 4011; baseline 0.005 -25"><span class='ocrx_word' id='word_1_470' title='bbox 448 3931 931 4004; x_wconf 88' lang='lat' dir='ltr'>quampluribus,</span> <span class='ocrx_word' id='word_1_471' title='bbox 985 3931 1195 3987; x_wconf 90' lang='lat' dir='ltr'>cecidit</span> <span class='ocrx_word' id='word_1_472' title='bbox 1223 3933 1423 3989; x_wconf 89' lang='lat' dir='ltr'>Gurim</span> <span class='ocrx_word' id='word_1_473' title='bbox 1476 3934 1657 3992; x_wconf 82' lang='lat' dir='ltr'>frater</span> <span class='ocrx_word' id='word_1_474' title='bbox 1699 3937 1826 4006; x_wconf 90' lang='lat' dir='ltr'>ejus</span> <span class='ocrx_word' id='word_1_475' title='bbox 1862 3939 1923 3993; x_wconf 93' lang='lat' dir='ltr'>in</span> <span class='ocrx_word' id='word_1_476' title='bbox 1956 3956 2101 4011; x_wconf 71' lang='lat' dir='ltr'>prae-</span> 
     </span>
    </p>
   </div>
   <div class='ocr_carea' id='block_1_73' title="bbox 449 4019 2103 4099">
    <p class='ocr_par' dir='ltr' id='par_1_73' title="bbox 449 4019 2103 4099">
     <span class='ocr_line' id='line_1_73' title="bbox 449 4019 2103 4099; baseline 0.005 -24"><span class='ocrx_word' id='word_1_477' title='bbox 449 4019 549 4075; x_wconf 89' lang='grc'>110.</span> <span class='ocrx_word' id='word_1_478' title='bbox 578 4019 794 4074; x_wconf 87' lang='lat' dir='ltr'>Videns</span> <span class='ocrx_word' id='word_1_479' title='bbox 843 4023 1044 4075; x_wconf 87' lang='lat' dir='ltr'>autem</span> <span class='ocrx_word' id='word_1_480' title='bbox 1091 4020 1255 4076; x_wconf 80' lang='lat' dir='ltr'>R0110</span> <span class='ocrx_word' id='word_1_481' title='bbox 1288 4038 1349 4077; x_wconf 92' lang='lat' dir='ltr'>se</span> <span class='ocrx_word' id='word_1_482' title='bbox 1391 4023 1544 4079; x_wconf 90' lang='lat' dir='ltr'>inter</span> <span class='ocrx_word' id='word_1_483' title='bbox 1584 4029 1903 4099; x_wconf 89' lang='lat' dir='ltr'>utrumque</span> <span class='ocrx_word' id='word_1_484' title='bbox 1943 4045 2103 4084; x_wconf 83' lang='lat' dir='ltr'>exer-</span> 
     </span>
    </p>
   </div>
   <div class='ocr_carea' id='block_1_74' title="bbox 453 4107 2105 4181">
    <p class='ocr_par' dir='ltr' id='par_1_74' title="bbox 453 4107 2105 4181">
     <span class='ocr_line' id='line_1_74' title="bbox 453 4107 2105 4181; baseline 0.007 -19"><span class='ocrx_word' id='word_1_485' title='bbox 453 4107 656 4174; x_wconf 91' lang='lat' dir='ltr'>citum,</span> <span class='ocrx_word' id='word_1_486' title='bbox 703 4123 894 4162; x_wconf 91' lang='lat' dir='ltr'>unum</span> <span class='ocrx_word' id='word_1_487' title='bbox 943 4107 1149 4177; x_wconf 88' lang='lat' dir='ltr'>fugam</span> <span class='ocrx_word' id='word_1_488' title='bbox 1207 4110 1607 4181; x_wconf 87' lang='lat' dir='ltr'>simulantem,</span> <span class='ocrx_word' id='word_1_489' title='bbox 1654 4114 1904 4172; x_wconf 88' lang='lat' dir='ltr'>alterum</span> <span class='ocrx_word' id='word_1_490' title='bbox 1961 4119 2105 4174; x_wconf 89' lang='lat' dir='ltr'>late-</span> 
     </span>
    </p>
   </div>
   <div class='ocr_carea' id='block_1_75' title="bbox 451 4194 2106 4272">
    <p class='ocr_par' dir='ltr' id='par_1_75' title="bbox 451 4194 2106 4272">
     <span class='ocr_line' id='line_1_75' title="bbox 451 4194 2106 4272; baseline 0.007 -21"><span class='ocrx_word' id='word_1_491' title='bbox 451 4194 575 4251; x_wconf 89' lang='lat' dir='ltr'>bris</span> <span class='ocrx_word' id='word_1_492' title='bbox 628 4212 954 4266; x_wconf 89' lang='lat' dir='ltr'>egressum,</span> <span class='ocrx_word' id='word_1_493' title='bbox 1014 4196 1374 4271; x_wconf 89' lang='lat' dir='ltr'>fratremque</span> <span class='ocrx_word' id='word_1_494' title='bbox 1430 4206 1771 4272; x_wconf 90' lang='lat' dir='ltr'>mortuum;</span> <span class='ocrx_word' id='word_1_495' title='bbox 1826 4206 1925 4261; x_wconf 82' lang='lat' dir='ltr'>vix</span> <span class='ocrx_word' id='word_1_496' title='bbox 1962 4207 2106 4263; x_wconf 85' lang='lat' dir='ltr'>livo-</span> 
     </span>
    </p>
   </div>
   <div class='ocr_carea' id='block_1_76' title="bbox 452 4284 2108 4365">
    <p class='ocr_par' dir='ltr' id='par_1_76' title="bbox 452 4284 2108 4365">
     <span class='ocr_line' id='line_1_76' title="bbox 452 4284 2108 4365; baseline 0.006 -26"><span class='ocrx_word' id='word_1_497' title='bbox 452 4284 617 4340; x_wconf 91' lang='lat' dir='ltr'>ribus</span> <span class='ocrx_word' id='word_1_498' title='bbox 688 4284 959 4358; x_wconf 89' lang='lat' dir='ltr'>plurimis</span> <span class='ocrx_word' id='word_1_499' title='bbox 1022 4286 1333 4359; x_wconf 89' lang='lat' dir='ltr'>laceratus,</span> <span class='ocrx_word' id='word_1_500' title='bbox 1393 4306 1526 4346; x_wconf 91' lang='lat' dir='ltr'>cum</span> <span class='ocrx_word' id='word_1_501' title='bbox 1604 4294 1811 4365; x_wconf 88' lang='lat' dir='ltr'>paucis</span> <span class='ocrx_word' id='word_1_502' title='bbox 1879 4296 2108 4352; x_wconf 87' lang='lat' dir='ltr'>divertit</span> 
     </span>
    </p>
   </div>
   <div class='ocr_carea' id='block_1_77' title="bbox 453 4373 2081 4455">
    <p class='ocr_par' dir='ltr' id='par_1_77' title="bbox 453 4373 2081 4455">
     <span class='ocr_line' id='line_1_77' title="bbox 453 4373 2081 4455; baseline 0.008 -27"><span class='ocrx_word' id='word_1_503' title='bbox 453 4373 531 4429; x_wconf 91' lang='lat' dir='ltr'>ab</span> <span class='ocrx_word' id='word_1_504' title='bbox 574 4374 675 4429; x_wconf 90' lang='lat' dir='ltr'>eis.</span> <span class='ocrx_word' id='word_1_505' title='bbox 738 4377 898 4431; x_wconf 92' lang='lat' dir='ltr'>Tunc</span> <span class='ocrx_word' id='word_1_506' title='bbox 964 4391 1068 4431; x_wconf 85' lang='lat' dir='ltr'>rex</span> <span class='ocrx_word' id='word_1_507' title='bbox 1119 4376 1421 4447; x_wconf 90' lang='lat' dir='ltr'>obsidens,</span> <span class='ocrx_word' id='word_1_508' title='bbox 1472 4385 1528 4436; x_wconf 91' lang='lat' dir='ltr'>et</span> <span class='ocrx_word' id='word_1_509' title='bbox 1599 4384 1842 4455; x_wconf 90' lang='lat' dir='ltr'>capiens</span> <span class='ocrx_word' id='word_1_510' title='bbox 1902 4386 2081 4441; x_wconf 90' lang='lat' dir='ltr'>urbes</span> 
     </span>
    </p>
   </div>
   <div class='ocr_carea' id='block_1_78' title="bbox 451 4463 2101 4545">
    <p class='ocr_par' dir='ltr' id='par_1_78' title="bbox 451 4463 2101 4545">
     <span class='ocr_line' id='line_1_78' title="bbox 451 4463 2101 4545; baseline 0.007 -28"><span class='ocrx_word' id='word_1_511' title='bbox 451 4463 745 4536; x_wconf 91' lang='lat' dir='ltr'>populum</span> <span class='ocrx_word' id='word_1_512' title='bbox 800 4469 1007 4522; x_wconf 89' lang='lat' dir='ltr'>contra</span> <span class='ocrx_word' id='word_1_513' title='bbox 1036 4483 1097 4522; x_wconf 93' lang='lat' dir='ltr'>se</span> <span class='ocrx_word' id='word_1_514' title='bbox 1126 4466 1544 4539; x_wconf 88' lang='lat' dir='ltr'>objurgantem</span> <span class='ocrx_word' id='word_1_515' title='bbox 1597 4471 1708 4527; x_wconf 89' lang='lat' dir='ltr'>sibi</span> <span class='ocrx_word' id='word_1_516' title='bbox 1740 4473 2101 4545; x_wconf 81' lang='lat' dir='ltr'>subjugavit.</span> 
     </span>
    </p>
   </div>
   <div class='ocr_carea' id='block_1_79' title="bbox 452 4551 2106 4636">
    <p class='ocr_par' dir='ltr' id='par_1_79' title="bbox 452 4551 2106 4636">
     <span class='ocr_line' id='line_1_79' title="bbox 452 4551 2106 4636; baseline 0.008 -30"><span class='ocrx_word' id='word_1_517' title='bbox 452 4551 617 4608; x_wconf 79' lang='grc' dir='ltr'>ΒοΠο</span> <span class='ocrx_word' id='word_1_518' title='bbox 666 4568 807 4609; x_wconf 90' lang='lat' dir='ltr'>vero</span> <span class='ocrx_word' id='word_1_519' title='bbox 854 4555 1078 4610; x_wconf 91' lang='lat' dir='ltr'>morari</span> <span class='ocrx_word' id='word_1_520' title='bbox 1125 4572 1247 4612; x_wconf 90' lang='lat' dir='ltr'>non</span> <span class='ocrx_word' id='word_1_521' title='bbox 1290 4557 1494 4614; x_wconf 91' lang='lat' dir='ltr'>valens</span> <span class='ocrx_word' id='word_1_522' title='bbox 1538 4560 1598 4615; x_wconf 92' lang='lat' dir='ltr'>in</span> <span class='ocrx_word' id='word_1_523' title='bbox 1634 4562 1829 4631; x_wconf 90' lang='lat' dir='ltr'>Dacia,</span> <span class='ocrx_word' id='word_1_524' title='bbox 1860 4569 2106 4636; x_wconf 91' lang='lat' dir='ltr'>propter</span> 
     </span>
    </p>
   </div>
   <div class='ocr_carea' id='block_1_80' title="bbox 451 4642 2103 4712">
    <p class='ocr_par' dir='ltr' id='par_1_80' title="bbox 451 4642 2103 4712">
     <span class='ocr_line' id='line_1_80' title="bbox 451 4642 2103 4712; baseline 0.008 -16"><span class='ocrx_word' id='word_1_525' title='bbox 451 4656 654 4711; x_wconf 88' lang='lat' dir='ltr'>regem</span> <span class='ocrx_word' id='word_1_526' title='bbox 724 4642 1003 4699; x_wconf 76' lang='lat' dir='ltr'>difﬁdens</span> <span class='ocrx_word' id='word_1_527' title='bbox 1070 4645 1182 4712; x_wconf 90' lang='lat' dir='ltr'>sui,</span> <span class='ocrx_word' id='word_1_528' title='bbox 1262 4648 1550 4704; x_wconf 89' lang='lat' dir='ltr'>Scansam</span> <span class='ocrx_word' id='word_1_529' title='bbox 1620 4649 1881 4707; x_wconf 89' lang='lat' dir='ltr'>insulam</span> <span class='ocrx_word' id='word_1_530' title='bbox 1964 4670 2103 4711; x_wconf 91' lang='lat' dir='ltr'>cum</span> 
     </span>
    </p>
   </div>
   <div class='ocr_carea' id='block_1_81' title="bbox 453 4730 2103 4816">
    <p class='ocr_par' dir='ltr' id='par_1_81' title="bbox 453 4730 2103 4816">
     <span class='ocr_line' id='line_1_81' title="bbox 453 4730 2103 4816; baseline 0.009 -32"><span class='ocrx_word' id='word_1_531' title='bbox 453 4743 558 4784; x_wconf 87' lang='lat' dir='ltr'>sex</span> <span class='ocrx_word' id='word_1_532' title='bbox 620 4730 872 4787; x_wconf 88' lang='lat' dir='ltr'>navibus</span> <span class='ocrx_word' id='word_1_533' title='bbox 934 4748 1254 4802; x_wconf 86' lang='lat' dir='ltr'>aggressus</span> <span class='ocrx_word' id='word_1_534' title='bbox 1330 4740 1434 4791; x_wconf 91' lang='lat' dir='ltr'>est.</span> <span class='ocrx_word' id='word_1_535' title='bbox 1509 4740 1670 4794; x_wconf 90' lang='lat' dir='ltr'>Tunc</span> <span class='ocrx_word' id='word_1_536' title='bbox 1756 4741 1932 4797; x_wconf 89' lang='lat' dir='ltr'>Dacia</span> <span class='ocrx_word' id='word_1_537' title='bbox 2000 4743 2103 4816; x_wconf 92' lang='lat' dir='ltr'>pio</span> 
     </span>
    </p>
   </div>
   <div class='ocr_carea' id='block_1_82' title="bbox 452 4817 2102 4893">
    <p class='ocr_par' dir='ltr' id='par_1_82' title="bbox 452 4817 2102 4893">
     <span class='ocr_line' id='line_1_82' title="bbox 452 4817 2102 4893; baseline 0.01 -20"><span class='ocrx_word' id='word_1_538' title='bbox 452 4817 625 4891; x_wconf 89' lang='lat' dir='ltr'>duce,</span> <span class='ocrx_word' id='word_1_539' title='bbox 679 4820 1034 4893; x_wconf 88' lang='lat' dir='ltr'>patritioque</span> <span class='ocrx_word' id='word_1_540' title='bbox 1087 4826 1264 4892; x_wconf 86' lang='lat' dir='ltr'>atque</span> <span class='ocrx_word' id='word_1_541' title='bbox 1328 4824 1750 4884; x_wconf 81' lang='lat' dir='ltr'>robustissima</span> <span class='ocrx_word' id='word_1_542' title='bbox 1813 4830 2102 4889; x_wconf 89' lang='lat' dir='ltr'>advocato</span> 
     </span>
    </p>
   </div>
   <div class='ocr_carea' id='block_1_83' title="bbox 453 4906 2101 4990">
    <p class='ocr_par' dir='ltr' id='par_1_83' title="bbox 453 4906 2101 4990">
     <span class='ocr_line' id='line_1_83' title="bbox 453 4906 2101 4990; baseline 0.01 -29"><span class='ocrx_word' id='word_1_543' title='bbox 453 4906 699 4977; x_wconf 89' lang='lat' dir='ltr'>privata,</span> <span class='ocrx_word' id='word_1_544' title='bbox 758 4924 983 4980; x_wconf 87' lang='lat' dir='ltr'>magno</span> <span class='ocrx_word' id='word_1_545' title='bbox 1031 4910 1255 4981; x_wconf 89' lang='lat' dir='ltr'>ejulatu</span> <span class='ocrx_word' id='word_1_546' title='bbox 1299 4929 1597 4971; x_wconf 89' lang='lat' dir='ltr'>concussa</span> <span class='ocrx_word' id='word_1_547' title='bbox 1640 4918 1819 4990; x_wconf 86' lang='lat' dir='ltr'>coepit</span> <span class='ocrx_word' id='word_1_548' title='bbox 1847 4919 2101 4977; x_wconf 90' lang='lat' dir='ltr'>nimium</span> 
     </span>
    </p>
   </div>
   <div class='ocr_carea' id='block_1_84' title="bbox 452 4992 612 5052">
    <p class='ocr_par' dir='ltr' id='par_1_84' title="bbox 452 4992 612 5052">
     <span class='ocr_line' id='line_1_84' title="bbox 452 4992 612 5052; baseline 0.025 -4"><span class='ocrx_word' id='word_1_549' title='bbox 452 4992 612 5052; x_wconf 86' lang='lat' dir='ltr'>ﬂere.</span> 
     </span>
    </p>
   </div>
   <div class='ocr_carea' id='block_1_85' title="bbox 1090 5103 1470 5147">
    <p class='ocr_par' dir='ltr' id='par_1_85' title="bbox 1090 5103 1470 5147">
     <span class='ocr_line' id='line_1_85' title="bbox 1090 5103 1470 5147; baseline 0.008 -3"><span class='ocrx_word' id='word_1_550' title='bbox 1090 5103 1450 5147; x_wconf 72' lang='lat' dir='ltr'>APOSTROPHA</span> <span class='ocrx_word' id='word_1_551' title='bbox 1458 5133 1470 5147; x_wconf 87' lang='lat'>.</span> 
     </span>
    </p>
   </div>
   <div class='ocr_carea' id='block_1_86' title="bbox 452 5170 1893 5252">
    <p class='ocr_par' dir='ltr' id='par_1_86' title="bbox 452 5170 1893 5252">
     <span class='ocr_line' id='line_1_86' title="bbox 452 5170 1893 5252; baseline 0.012 -29"><span class='ocrx_word' id='word_1_552' title='bbox 452 5170 632 5226; x_wconf 88' lang='lat' dir='ltr'>Dacia</span> <span class='ocrx_word' id='word_1_553' title='bbox 657 5176 813 5227; x_wconf 87' lang='lat' dir='ltr'>sorte</span> <span class='ocrx_word' id='word_1_554' title='bbox 841 5176 995 5241; x_wconf 87' lang='lat' dir='ltr'>tuos,</span> <span class='ocrx_word' id='word_1_555' title='bbox 1024 5192 1161 5247; x_wconf 73' lang='lat' dir='ltr'>quas</span> <span class='ocrx_word' id='word_1_556' title='bbox 1188 5178 1364 5235; x_wconf 88' lang='lat' dir='ltr'>Gallis</span> <span class='ocrx_word' id='word_1_557' title='bbox 1393 5180 1571 5236; x_wconf 88' lang='lat' dir='ltr'>mittis</span> <span class='ocrx_word' id='word_1_558' title='bbox 1597 5182 1893 5252; x_wconf 91' lang='lat' dir='ltr'>alumnos,</span> 
     </span>
    </p>
   </div>
   <div class='ocr_carea' id='block_1_87' title="bbox 453 5257 1934 5342">
    <p class='ocr_par' dir='ltr' id='par_1_87' title="bbox 453 5257 1934 5342">
     <span class='ocr_line' id='line_1_87' title="bbox 453 5257 1934 5342; baseline 0.014 -31"><span class='ocrx_word' id='word_1_559' title='bbox 453 5257 662 5327; x_wconf 84' lang='lat' dir='ltr'>Indiga</span> <span class='ocrx_word' id='word_1_560' title='bbox 690 5261 971 5330; x_wconf 89' lang='lat' dir='ltr'>promissi</span> <span class='ocrx_word' id='word_1_561' title='bbox 995 5264 1138 5330; x_wconf 91' lang='lat' dir='ltr'>veri,</span> <span class='ocrx_word' id='word_1_562' title='bbox 1171 5266 1409 5325; x_wconf 89' lang='lat' dir='ltr'>dabitur</span> <span class='ocrx_word' id='word_1_563' title='bbox 1437 5271 1600 5342; x_wconf 90' lang='lat' dir='ltr'>quod</span> <span class='ocrx_word' id='word_1_564' title='bbox 1631 5272 1709 5329; x_wconf 89' lang='lat' dir='ltr'>ab</span> <span class='ocrx_word' id='word_1_565' title='bbox 1740 5276 1934 5338; x_wconf 88' lang='lat' dir='ltr'>astris.</span> 
     </span>
    </p>
   </div>
   <div class='ocr_carea' id='block_1_88' title="bbox 453 5346 1923 5437">
    <p class='ocr_par' dir='ltr' id='par_1_88' title="bbox 453 5346 1923 5437">
     <span class='ocr_line' id='line_1_88' title="bbox 453 5346 1923 5437; baseline 0.016 -41"><span class='ocrx_word' id='word_1_566' title='bbox 453 5346 727 5437; x_wconf 74' lang='lat' dir='ltr'>Praesagii</span> <span class='ocrx_word' id='word_1_567' title='bbox 757 5350 815 5401; x_wconf 89' lang='lat' dir='ltr'>et</span> <span class='ocrx_word' id='word_1_568' title='bbox 842 5350 1053 5419; x_wconf 91' lang='lat' dir='ltr'>meriti,</span> <span class='ocrx_word' id='word_1_569' title='bbox 1080 5356 1292 5412; x_wconf 90' lang='lat' dir='ltr'>mercis</span> <span class='ocrx_word' id='word_1_570' title='bbox 1322 5373 1445 5414; x_wconf 92' lang='lat' dir='ltr'>non</span> <span class='ocrx_word' id='word_1_571' title='bbox 1477 5375 1666 5426; x_wconf 79' lang='lat' dir='ltr'>gnara</span> <span class='ocrx_word' id='word_1_572' title='bbox 1690 5362 1923 5437; x_wconf 68' lang='lat' dir='ltr'>futurae,</span> 
     </span>
    </p>
   </div>
   <div class='ocr_carea' id='block_1_89' title="bbox 454 5431 1885 5512">
    <p class='ocr_par' dir='ltr' id='par_1_89' title="bbox 454 5431 1885 5512">
     <span class='ocr_line' id='line_1_89' title="bbox 454 5431 1885 5512; baseline 0.015 -25"><span class='ocrx_word' id='word_1_573' title='bbox 454 5431 732 5488; x_wconf 86' lang='lat' dir='ltr'>Exhilara</span> <span class='ocrx_word' id='word_1_574' title='bbox 761 5438 956 5504; x_wconf 87' lang='lat' dir='ltr'>temet,</span> <span class='ocrx_word' id='word_1_575' title='bbox 990 5438 1362 5512; x_wconf 90' lang='lat' dir='ltr'>deprensans</span> <span class='ocrx_word' id='word_1_576' title='bbox 1391 5448 1567 5505; x_wconf 91' lang='lat' dir='ltr'>corde</span> <span class='ocrx_word' id='word_1_577' title='bbox 1596 5450 1885 5508; x_wconf 90' lang='lat' dir='ltr'>dolorem.</span> 
     </span>
    </p>
   </div>
   <div class='ocr_carea' id='block_1_90' title="bbox 455 5521 1958 5609">
    <p class='ocr_par' dir='ltr' id='par_1_90' title="bbox 455 5521 1958 5609">
     <span class='ocr_line' id='line_1_90' title="bbox 455 5521 1958 5609; baseline 0.015 -33"><span class='ocrx_word' id='word_1_578' title='bbox 455 5521 641 5576; x_wconf 82' lang='lat' dir='ltr'>Casus</span> <span class='ocrx_word' id='word_1_579' title='bbox 671 5534 793 5578; x_wconf 88' lang='lat' dir='ltr'>non</span> <span class='ocrx_word' id='word_1_580' title='bbox 818 5524 1031 5582; x_wconf 66' lang='lat' dir='ltr'>animae</span> <span class='ocrx_word' id='word_1_581' title='bbox 1061 5535 1166 5599; x_wconf 90' lang='lat' dir='ltr'>est,</span> <span class='ocrx_word' id='word_1_582' title='bbox 1198 5531 1435 5592; x_wconf 88' lang='lat' dir='ltr'>fortuna</span> <span class='ocrx_word' id='word_1_583' title='bbox 1459 5538 1671 5609; x_wconf 90' lang='lat' dir='ltr'>pulsus</span> <span class='ocrx_word' id='word_1_584' title='bbox 1697 5545 1759 5595; x_wconf 88' lang='lat' dir='ltr'>at</span> <span class='ocrx_word' id='word_1_585' title='bbox 1787 5541 1958 5596; x_wconf 90' lang='lat' dir='ltr'>acris.</span> 
     </span>
    </p>
   </div>
   <div class='ocr_carea' id='block_1_91' title="bbox 456 5608 2018 5702">
    <p class='ocr_par' dir='ltr' id='par_1_91' title="bbox 456 5608 2018 5702">
     <span class='ocr_line' id='line_1_91' title="bbox 456 5608 2018 5702; baseline 0.018 -44"><span class='ocrx_word' id='word_1_586' title='bbox 456 5608 592 5702; x_wconf 51' lang='lat' dir='ltr'>{nec</span> <span class='ocrx_word' id='word_1_587' title='bbox 621 5608 873 5667; x_wconf 88' lang='lat' dir='ltr'>adversa</span> <span class='ocrx_word' id='word_1_588' title='bbox 899 5614 1057 5671; x_wconf 88' lang='lat' dir='ltr'>vices</span> <span class='ocrx_word' id='word_1_589' title='bbox 1086 5625 1437 5681; x_wconf 84' lang='lat' dir='ltr'>converterit</span> <span class='ocrx_word' id='word_1_590' title='bbox 1458 5608 1735 5699; x_wconf 83' lang='lat' dir='ltr'>improba</span> <span class='ocrx_word' id='word_1_591' title='bbox 1763 5646 2018 5702; x_wconf 89' lang='lat' dir='ltr'>semper,</span> 
     </span>
    </p>
   </div>
   <div class='ocr_carea' id='block_1_92' title="bbox 2088 4429 2180 4483">
    <p class='ocr_par' dir='ltr' id='par_1_92' title="bbox 2088 4429 2180 4483">
     <span class='ocr_line' id='line_1_92' title="bbox 2088 4429 2180 4483; baseline 0 0"><span class='ocrx_word' id='word_1_592' title='bbox 2088 4429 2102 4452; x_wconf 89' lang='lat'><strong>’</strong></span> <span class='ocrx_word' id='word_1_593' title='bbox 2139 4430 2180 4483; x_wconf 91' lang='lat' dir='ltr'>D</span> 
     </span>
    </p>
   </div>
   <div class='ocr_carea' id='block_1_93' title="bbox 2202 3133 3775 3207">
    <p class='ocr_par' dir='ltr' id='par_1_93' title="bbox 2202 3133 3775 3207">
     <span class='ocr_line' id='line_1_93' title="bbox 2202 3133 3775 3207; baseline -0.004 -17"><span class='ocrx_word' id='word_1_594' title='bbox 2202 3151 2430 3201; x_wconf 89' lang='lat' dir='ltr'>means,</span> <span class='ocrx_word' id='word_1_595' title='bbox 2481 3135 2701 3205; x_wconf 88' lang='lat' dir='ltr'>Anglos</span> <span class='ocrx_word' id='word_1_596' title='bbox 2759 3135 3123 3205; x_wconf 86' lang='lat' dir='ltr'>aggreditur,</span> <span class='ocrx_word' id='word_1_597' title='bbox 3172 3135 3381 3207; x_wconf 89' lang='lat' dir='ltr'>ibique</span> <span class='ocrx_word' id='word_1_598' title='bbox 3411 3133 3623 3191; x_wconf 88' lang='lat' dir='ltr'>morari</span> <span class='ocrx_word' id='word_1_599' title='bbox 3646 3138 3775 3203; x_wconf 60' lang='lat' dir='ltr'>qunti</span> 
     </span>
    </p>
   </div>
   <div class='ocr_carea' id='block_1_94' title="bbox 2204 3216 3778 3295">
    <p class='ocr_par' dir='ltr' id='par_1_94' title="bbox 2204 3216 3778 3295">
     <span class='ocr_line' id='line_1_94' title="bbox 2204 3216 3778 3295; baseline -0.005 -16"><span class='ocrx_word' id='word_1_600' title='bbox 2204 3224 2307 3279; x_wconf 89' lang='lat' dir='ltr'>diu</span> <span class='ocrx_word' id='word_1_601' title='bbox 2365 3224 2719 3295; x_wconf 90' lang='lat' dir='ltr'>suspicatur.</span> <span class='ocrx_word' id='word_1_602' title='bbox 2780 3225 3099 3281; x_wconf 87' lang='lat' dir='ltr'>Audientes</span> <span class='ocrx_word' id='word_1_603' title='bbox 3128 3230 3334 3280; x_wconf 86' lang='lat' dir='ltr'>autem</span> <span class='ocrx_word' id='word_1_604' title='bbox 3388 3224 3542 3279; x_wconf 89' lang='lat' dir='ltr'>illius</span> <span class='ocrx_word' id='word_1_605' title='bbox 3588 3216 3778 3277; x_wconf 69' lang='lat' dir='ltr'>territorii</span> 
     </span>
    </p>
   </div>
   <div class='ocr_carea' id='block_1_95' title="bbox 2205 3308 3780 3385">
    <p class='ocr_par' dir='ltr' id='par_1_95' title="bbox 2205 3308 3780 3385">
     <span class='ocr_line' id='line_1_95' title="bbox 2205 3308 3780 3385; baseline -0.003 -18"><span class='ocrx_word' id='word_1_606' title='bbox 2205 3329 2520 3384; x_wconf 88' lang='lat' dir='ltr'>pagenscs,</span> <span class='ocrx_word' id='word_1_607' title='bbox 2575 3313 2741 3385; x_wconf 90' lang='lat' dir='ltr'>quod</span> <span class='ocrx_word' id='word_1_608' title='bbox 2798 3312 2963 3368; x_wconf 81' lang='lat' dir='ltr'>Rollo</span> <span class='ocrx_word' id='word_1_609' title='bbox 3036 3313 3226 3368; x_wconf 87' lang='lat' dir='ltr'>dacus</span> <span class='ocrx_word' id='word_1_610' title='bbox 3283 3313 3608 3381; x_wconf 88' lang='lat' dir='ltr'>adveniret,</span> <span class='ocrx_word' id='word_1_611' title='bbox 3656 3308 3780 3364; x_wconf 84' lang='lat' dir='ltr'>aciem</span> 
     </span>
    </p>
   </div>
   <div class='ocr_carea' id='block_1_96' title="bbox 2204 3392 3780 3470">
    <p class='ocr_par' dir='ltr' id='par_1_96' title="bbox 2204 3392 3780 3470">
     <span class='ocr_line' id='line_1_96' title="bbox 2204 3392 3780 3470; baseline -0.005 -13"><span class='ocrx_word' id='word_1_612' title='bbox 2204 3403 2532 3458; x_wconf 85' lang='lat' dir='ltr'>maximam</span> <span class='ocrx_word' id='word_1_613' title='bbox 2563 3407 2768 3459; x_wconf 91' lang='lat' dir='ltr'>contra</span> <span class='ocrx_word' id='word_1_614' title='bbox 2796 3403 2965 3458; x_wconf 91' lang='lat' dir='ltr'>illum</span> <span class='ocrx_word' id='word_1_615' title='bbox 2990 3406 3477 3469; x_wconf 83' lang='lat' dir='ltr'>construxerunt,</span> <span class='ocrx_word' id='word_1_616' title='bbox 3501 3412 3719 3470; x_wconf 83' lang='lat' dir='ltr'>eumque</span> <span class='ocrx_word' id='word_1_617' title='bbox 3736 3392 3780 3447; x_wconf 79' lang='lat' dir='ltr'>ab</span> 
     </span>
    </p>
   </div>
   <div class='ocr_carea' id='block_1_97' title="bbox 2204 3479 3781 3561">
    <p class='ocr_par' dir='ltr' id='par_1_97' title="bbox 2204 3479 3781 3561">
     <span class='ocr_line' id='line_1_97' title="bbox 2204 3479 3781 3561; baseline -0.006 -14"><span class='ocrx_word' id='word_1_618' title='bbox 2204 3492 2315 3547; x_wconf 87' lang='lat' dir='ltr'>illis</span> <span class='ocrx_word' id='word_1_619' title='bbox 2343 3491 2566 3547; x_wconf 82' lang='lat' dir='ltr'>ﬁnibus</span> <span class='ocrx_word' id='word_1_620' title='bbox 2598 3492 2803 3561; x_wconf 84' lang='lat' dir='ltr'>fugare</span> <span class='ocrx_word' id='word_1_621' title='bbox 2830 3493 3026 3548; x_wconf 91' lang='lat' dir='ltr'>conati</span> <span class='ocrx_word' id='word_1_622' title='bbox 3055 3496 3211 3547; x_wconf 90' lang='lat' dir='ltr'>sunt.</span> <span class='ocrx_word' id='word_1_623' title='bbox 3241 3492 3358 3557; x_wconf 86' lang='lat' dir='ltr'>Qui</span> <span class='ocrx_word' id='word_1_624' title='bbox 3391 3507 3553 3547; x_wconf 89' lang='lat' dir='ltr'>more</span> <span class='ocrx_word' id='word_1_625' title='bbox 3582 3488 3719 3544; x_wconf 90' lang='lat' dir='ltr'>solito</span> <span class='ocrx_word' id='word_1_626' title='bbox 3738 3479 3781 3536; x_wconf 81' lang='lat' dir='ltr'>ad</span> 
     </span>
    </p>
   </div>
   <div class='ocr_carea' id='block_1_98' title="bbox 2206 3578 3782 3654">
    <p class='ocr_par' dir='ltr' id='par_1_98' title="bbox 2206 3578 3782 3654">
     <span class='ocr_line' id='line_1_98' title="bbox 2206 3578 3782 3654; baseline -0.003 -19"><span class='ocrx_word' id='word_1_627' title='bbox 2206 3581 2477 3653; x_wconf 86' lang='lat' dir='ltr'>praelium</span> <span class='ocrx_word' id='word_1_628' title='bbox 2532 3580 2937 3637; x_wconf 88' lang='lat' dir='ltr'>indubitanter</span> <span class='ocrx_word' id='word_1_629' title='bbox 2982 3581 3095 3637; x_wconf 89' lang='lat' dir='ltr'>illis</span> <span class='ocrx_word' id='word_1_630' title='bbox 3124 3581 3408 3649; x_wconf 88' lang='lat' dir='ltr'>occurrit,</span> <span class='ocrx_word' id='word_1_631' title='bbox 3456 3578 3782 3654; x_wconf 61' lang='lat' dir='ltr'>plurimosque</span> 
     </span>
    </p>
   </div>
   <div class='ocr_carea' id='block_1_99' title="bbox 2206 3668 3784 3744">
    <p class='ocr_par' dir='ltr' id='par_1_99' title="bbox 2206 3668 3784 3744">
     <span class='ocr_line' id='line_1_99' title="bbox 2206 3668 3784 3744; baseline -0.007 -19"><span class='ocrx_word' id='word_1_632' title='bbox 2206 3670 2442 3725; x_wconf 89' lang='lat' dir='ltr'>illorum</span> <span class='ocrx_word' id='word_1_633' title='bbox 2474 3670 2813 3744; x_wconf 89' lang='lat' dir='ltr'>prostravit,</span> <span class='ocrx_word' id='word_1_634' title='bbox 2859 3675 3039 3743; x_wconf 89' lang='lat' dir='ltr'>atque</span> <span class='ocrx_word' id='word_1_635' title='bbox 3066 3674 3425 3726; x_wconf 74' lang='lat' dir='ltr'>cteterorum</span> <span class='ocrx_word' id='word_1_636' title='bbox 3470 3669 3605 3739; x_wconf 86' lang='lat' dir='ltr'>fuga</span> <span class='ocrx_word' id='word_1_637' title='bbox 3636 3668 3784 3719; x_wconf 73' lang='lat' dir='ltr'>verteu</span> 
     </span>
    </p>
   </div>
   <div class='ocr_carea' id='block_1_100' title="bbox 2210 3759 3783 3833">
    <p class='ocr_par' dir='ltr' id='par_1_100' title="bbox 2210 3759 3783 3833">
     <span class='ocr_line' id='line_1_100' title="bbox 2210 3759 3783 3833; baseline -0.006 -18"><span class='ocrx_word' id='word_1_638' title='bbox 2210 3760 2357 3815; x_wconf 89' lang='lat' dir='ltr'>tium</span> <span class='ocrx_word' id='word_1_639' title='bbox 2413 3760 2596 3815; x_wconf 91' lang='lat' dir='ltr'>dorsa</span> <span class='ocrx_word' id='word_1_640' title='bbox 2660 3760 2834 3815; x_wconf 90' lang='lat' dir='ltr'>hasta</span> <span class='ocrx_word' id='word_1_641' title='bbox 2892 3760 3173 3830; x_wconf 85' lang='lat' dir='ltr'>fatigavit.</span> <span class='ocrx_word' id='word_1_642' title='bbox 3235 3759 3508 3833; x_wconf 79' lang='lat' dir='ltr'>Denique</span> <span class='ocrx_word' id='word_1_643' title='bbox 3571 3763 3783 3829; x_wconf 61' lang='lat' dir='ltr'>pagensr.‘</span> 
     </span>
    </p>
   </div>
   <div class='ocr_carea' id='block_1_101' title="bbox 2208 3842 3783 3920">
    <p class='ocr_par' dir='ltr' id='par_1_101' title="bbox 2208 3842 3783 3920">
     <span class='ocr_line' id='line_1_101' title="bbox 2208 3842 3783 3920; baseline -0.008 -17"><span class='ocrx_word' id='word_1_644' title='bbox 2208 3848 2507 3920; x_wconf 90' lang='lat' dir='ltr'>prioribus</span> <span class='ocrx_word' id='word_1_645' title='bbox 2558 3848 2755 3920; x_wconf 90' lang='lat' dir='ltr'>plures</span> <span class='ocrx_word' id='word_1_646' title='bbox 2812 3853 3255 3913; x_wconf 89' lang='lat' dir='ltr'>coacervantes,</span> <span class='ocrx_word' id='word_1_647' title='bbox 3303 3852 3519 3903; x_wconf 88' lang='lat' dir='ltr'>contra</span> <span class='ocrx_word' id='word_1_648' title='bbox 3561 3842 3783 3900; x_wconf 80' lang='lat' dir='ltr'>Bollonem</span> 
     </span>
    </p>
   </div>
   <div class='ocr_carea' id='block_1_102' title="bbox 2211 3937 3783 4006">
    <p class='ocr_par' dir='ltr' id='par_1_102' title="bbox 2211 3937 3783 4006">
     <span class='ocr_line' id='line_1_102' title="bbox 2211 3937 3783 4006; baseline -0.003 -14"><span class='ocrx_word' id='word_1_649' title='bbox 2211 3939 2421 3994; x_wconf 89' lang='lat' dir='ltr'>iterum</span> <span class='ocrx_word' id='word_1_650' title='bbox 2472 3937 2660 3993; x_wconf 91' lang='lat' dir='ltr'>aciem</span> <span class='ocrx_word' id='word_1_651' title='bbox 2720 3937 3201 3993; x_wconf 89' lang='lat' dir='ltr'>robustissimam</span> <span class='ocrx_word' id='word_1_652' title='bbox 3272 3937 3561 4006; x_wconf 86' lang='lat' dir='ltr'>dirigunt,</span> <span class='ocrx_word' id='word_1_653' title='bbox 3606 3937 3783 3997; x_wconf 58' lang='lat' dir='ltr'>euqué</span> 
     </span>
    </p>
   </div>
   <div class='ocr_carea' id='block_1_103' title="bbox 2212 4012 3784 4096">
    <p class='ocr_par' dir='ltr' id='par_1_103' title="bbox 2212 4012 3784 4096">
     <span class='ocr_line' id='line_1_103' title="bbox 2212 4012 3784 4096; baseline -0.011 -14"><span class='ocrx_word' id='word_1_654' title='bbox 2212 4027 2499 4093; x_wconf 91' lang='lat' dir='ltr'>occidere,</span> <span class='ocrx_word' id='word_1_655' title='bbox 2531 4030 2633 4082; x_wconf 91' lang='lat' dir='ltr'>aut</span> <span class='ocrx_word' id='word_1_656' title='bbox 2671 4027 2812 4096; x_wconf 85' lang='lat' dir='ltr'>fuga</span> <span class='ocrx_word' id='word_1_657' title='bbox 2856 4026 2976 4082; x_wconf 89' lang='lat' dir='ltr'>labi</span> <span class='ocrx_word' id='word_1_658' title='bbox 3006 4030 3325 4082; x_wconf 87' lang='lat' dir='ltr'>conantur.</span> <span class='ocrx_word' id='word_1_659' title='bbox 3359 4026 3459 4081; x_wconf 91' lang='lat' dir='ltr'>Ille</span> <span class='ocrx_word' id='word_1_660' title='bbox 3485 4040 3619 4081; x_wconf 86' lang='lat' dir='ltr'>vero</span> <span class='ocrx_word' id='word_1_661' title='bbox 3650 4012 3784 4074; x_wconf 71' lang='lat' dir='ltr'>studiis</span> 
     </span>
    </p>
   </div>
   <div class='ocr_carea' id='block_1_104' title="bbox 2213 4100 3786 4187">
    <p class='ocr_par' dir='ltr' id='par_1_104' title="bbox 2213 4100 3786 4187">
     <span class='ocr_line' id='line_1_104' title="bbox 2213 4100 3786 4187; baseline -0.004 -17"><span class='ocrx_word' id='word_1_662' title='bbox 2213 4116 2349 4171; x_wconf 91' lang='lat' dir='ltr'>belli</span> <span class='ocrx_word' id='word_1_663' title='bbox 2402 4115 2672 4185; x_wconf 91' lang='lat' dir='ltr'>edoctus,</span> <span class='ocrx_word' id='word_1_664' title='bbox 2725 4116 3190 4187; x_wconf 85' lang='lat' dir='ltr'>certaminisque</span> <span class='ocrx_word' id='word_1_665' title='bbox 3232 4115 3593 4170; x_wconf 83' lang='lat' dir='ltr'>necessitate</span> <span class='ocrx_word' id='word_1_666' title='bbox 3619 4100 3786 4180; x_wconf 49' lang='lat' dir='ltr'>asperi?</span> 
     </span>
    </p>
   </div>
   <div class='ocr_carea' id='block_1_105' title="bbox 2213 4192 3786 4276">
    <p class='ocr_par' dir='ltr' id='par_1_105' title="bbox 2213 4192 3786 4276">
     <span class='ocr_line' id='line_1_105' title="bbox 2213 4192 3786 4276; baseline -0.007 -16"><span class='ocrx_word' id='word_1_667' title='bbox 2213 4221 2367 4269; x_wconf 90' lang='lat' dir='ltr'>mus,</span> <span class='ocrx_word' id='word_1_668' title='bbox 2393 4204 2563 4273; x_wconf 87' lang='lat' dir='ltr'>galea</span> <span class='ocrx_word' id='word_1_669' title='bbox 2592 4220 2740 4260; x_wconf 90' lang='lat' dir='ltr'>auro</span> <span class='ocrx_word' id='word_1_670' title='bbox 2788 4204 3033 4259; x_wconf 84' lang='lat' dir='ltr'>miriﬁce</span> <span class='ocrx_word' id='word_1_671' title='bbox 3078 4208 3350 4276; x_wconf 84' lang='lat' dir='ltr'>compta,</span> <span class='ocrx_word' id='word_1_672' title='bbox 3384 4192 3786 4275; x_wconf 66' lang='lat' dir='ltr'>triliciquelori-‘a</span> 
     </span>
    </p>
   </div>
   <div class='ocr_carea' id='block_1_106' title="bbox 2213 4284 3785 4364">
    <p class='ocr_par' dir='ltr' id='par_1_106' title="bbox 2213 4284 3785 4364">
     <span class='ocr_line' id='line_1_106' title="bbox 2213 4284 3785 4364; baseline -0.007 -16"><span class='ocrx_word' id='word_1_673' title='bbox 2213 4292 2477 4359; x_wconf 89' lang='lat' dir='ltr'>indutus,</span> <span class='ocrx_word' id='word_1_674' title='bbox 2529 4296 2736 4348; x_wconf 90' lang='lat' dir='ltr'>contra</span> <span class='ocrx_word' id='word_1_675' title='bbox 2777 4292 3227 4363; x_wconf 89' lang='lat' dir='ltr'>objurgantium</span> <span class='ocrx_word' id='word_1_676' title='bbox 3276 4296 3340 4347; x_wconf 91' lang='lat' dir='ltr'>et</span> <span class='ocrx_word' id='word_1_677' title='bbox 3375 4284 3785 4364; x_wconf 59' lang='lat' dir='ltr'>proficiscentiun1</span> 
     </span>
    </p>
   </div>
   <div class='ocr_carea' id='block_1_107' title="bbox 2214 4368 3784 4453">
    <p class='ocr_par' dir='ltr' id='par_1_107' title="bbox 2214 4368 3784 4453">
     <span class='ocr_line' id='line_1_107' title="bbox 2214 4368 3784 4453; baseline -0.006 -16"><span class='ocrx_word' id='word_1_678' title='bbox 2214 4383 2275 4437; x_wconf 92' lang='lat' dir='ltr'>in</span> <span class='ocrx_word' id='word_1_679' title='bbox 2307 4398 2370 4437; x_wconf 92' lang='lat' dir='ltr'>se</span> <span class='ocrx_word' id='word_1_680' title='bbox 2425 4387 2655 4437; x_wconf 89' lang='lat' dir='ltr'>turmas</span> <span class='ocrx_word' id='word_1_681' title='bbox 2699 4382 3052 4451; x_wconf 88' lang='lat' dir='ltr'>armigeras,</span> <span class='ocrx_word' id='word_1_682' title='bbox 3108 4381 3399 4437; x_wconf 88' lang='lat' dir='ltr'>velociter</span> <span class='ocrx_word' id='word_1_683' title='bbox 3428 4386 3603 4453; x_wconf 89' lang='lat' dir='ltr'>atque</span> <span class='ocrx_word' id='word_1_684' title='bbox 3640 4368 3784 4431; x_wconf 63' lang='lat' dir='ltr'>indub‘r</span> 
     </span>
    </p>
   </div>
   <div class='ocr_carea' id='block_1_108' title="bbox 2214 4466 3775 4542">
    <p class='ocr_par' dir='ltr' id='par_1_108' title="bbox 2214 4466 3775 4542">
     <span class='ocr_line' id='line_1_108' title="bbox 2214 4466 3775 4542; baseline -0.007 -15"><span class='ocrx_word' id='word_1_685' title='bbox 2214 4475 2404 4527; x_wconf 90' lang='lat' dir='ltr'>tanter</span> <span class='ocrx_word' id='word_1_686' title='bbox 2451 4470 2725 4542; x_wconf 87' lang='lat' dir='ltr'>perrexit,</span> <span class='ocrx_word' id='word_1_687' title='bbox 2775 4469 3080 4542; x_wconf 90' lang='lat' dir='ltr'>milliaque</span> <span class='ocrx_word' id='word_1_688' title='bbox 3107 4470 3351 4526; x_wconf 89' lang='lat' dir='ltr'>illorum</span> <span class='ocrx_word' id='word_1_689' title='bbox 3385 4466 3698 4526; x_wconf 79' lang='lat' dir='ltr'>immaniter</span> <span class='ocrx_word' id='word_1_690' title='bbox 3717 4471 3775 4530; x_wconf 65' lang='lat' dir='ltr'>pri</span> 
     </span>
    </p>
   </div>
   <div class='ocr_carea' id='block_1_109' title="bbox 2213 4552 3784 4631">
    <p class='ocr_par' dir='ltr' id='par_1_109' title="bbox 2213 4552 3784 4631">
     <span class='ocr_line' id='line_1_109' title="bbox 2213 4552 3784 4631; baseline -0.002 -15"><span class='ocrx_word' id='word_1_691' title='bbox 2213 4561 2436 4630; x_wconf 90' lang='lat' dir='ltr'>stravit,</span> <span class='ocrx_word' id='word_1_692' title='bbox 2494 4560 2730 4615; x_wconf 89' lang='lat' dir='ltr'>victrice</span> <span class='ocrx_word' id='word_1_693' title='bbox 2773 4576 2979 4627; x_wconf 90' lang='lat' dir='ltr'>manu,</span> <span class='ocrx_word' id='word_1_694' title='bbox 3030 4560 3337 4631; x_wconf 85' lang='lat' dir='ltr'>celerique</span> <span class='ocrx_word' id='word_1_695' title='bbox 3384 4575 3568 4617; x_wconf 88' lang='lat' dir='ltr'>cursu</span> <span class='ocrx_word' id='word_1_696' title='bbox 3592 4552 3784 4629; x_wconf 55' lang='lat' dir='ltr'>profui-&#39;U’</span> 
     </span>
    </p>
   </div>
   <div class='ocr_carea' id='block_1_110' title="bbox 2210 4643 3784 4723">
    <p class='ocr_par' dir='ltr' id='par_1_110' title="bbox 2210 4643 3784 4723">
     <span class='ocr_line' id='line_1_110' title="bbox 2210 4643 3784 4723; baseline -0.007 -18"><span class='ocrx_word' id='word_1_697' title='bbox 2210 4665 2597 4723; x_wconf 84' lang='lat' dir='ltr'>persequens,</span> <span class='ocrx_word' id='word_1_698' title='bbox 2620 4648 2959 4721; x_wconf 88' lang='lat' dir='ltr'>multosque</span> <span class='ocrx_word' id='word_1_699' title='bbox 3004 4648 3354 4721; x_wconf 89' lang='lat' dir='ltr'>principum</span> <span class='ocrx_word' id='word_1_700' title='bbox 3389 4650 3643 4722; x_wconf 87' lang='lat' dir='ltr'>capiens.</span> <span class='ocrx_word' id='word_1_701' title='bbox 3668 4643 3784 4723; x_wconf 52' lang='lat' dir='ltr'>locum</span> 
     </span>
    </p>
   </div>
   <div class='ocr_carea' id='block_1_111' title="bbox 2210 4722 3775 4810">
    <p class='ocr_par' dir='ltr' id='par_1_111' title="bbox 2210 4722 3775 4810">
     <span class='ocr_line' id='line_1_111' title="bbox 2210 4722 3775 4810; baseline -0.006 -18"><span class='ocrx_word' id='word_1_702' title='bbox 2210 4722 2395 4810; x_wconf 76' lang='lat' dir='ltr'>praelii</span> <span class='ocrx_word' id='word_1_703' title='bbox 2426 4741 2743 4803; x_wconf 89' lang='lat' dir='ltr'>revertens,</span> <span class='ocrx_word' id='word_1_704' title='bbox 2793 4735 3131 4792; x_wconf 90' lang='lat' dir='ltr'>occisorum</span> <span class='ocrx_word' id='word_1_705' title='bbox 3162 4752 3431 4809; x_wconf 90' lang='lat' dir='ltr'>corpora</span> <span class='ocrx_word' id='word_1_706' title='bbox 3477 4743 3624 4792; x_wconf 88' lang='lat' dir='ltr'>terra</span> <span class='ocrx_word' id='word_1_707' title='bbox 3648 4722 3775 4785; x_wconf 55' lang='lat' dir='ltr'>condﬁ</span> 
     </span>
    </p>
   </div>
   <div class='ocr_carea' id='block_1_112' title="bbox 2210 4822 3785 4898">
    <p class='ocr_par' dir='ltr' id='par_1_112' title="bbox 2210 4822 3785 4898">
     <span class='ocr_line' id='line_1_112' title="bbox 2210 4822 3785 4898; baseline -0.008 -16"><span class='ocrx_word' id='word_1_708' title='bbox 2210 4831 2569 4898; x_wconf 69' lang='lat' dir='ltr'>casterosque</span> <span class='ocrx_word' id='word_1_709' title='bbox 2619 4826 2811 4898; x_wconf 90' lang='lat' dir='ltr'>plagis</span> <span class='ocrx_word' id='word_1_710' title='bbox 2859 4826 3110 4881; x_wconf 90' lang='lat' dir='ltr'>infectos</span> <span class='ocrx_word' id='word_1_711' title='bbox 3144 4826 3516 4898; x_wconf 85' lang='lat' dir='ltr'>deportavit,</span> <span class='ocrx_word' id='word_1_712' title='bbox 3561 4822 3785 4893; x_wconf 58' lang='lat' dir='ltr'>captOqu?</span> 
     </span>
    </p>
   </div>
   <div class='ocr_carea' id='block_1_113' title="bbox 2208 4912 3783 4971">
    <p class='ocr_par' dir='ltr' id='par_1_113' title="bbox 2208 4912 3783 4971">
     <span class='ocr_line' id='line_1_113' title="bbox 2208 4912 3783 4971; baseline -0.01 -1"><span class='ocrx_word' id='word_1_713' title='bbox 2208 4915 2465 4971; x_wconf 88' lang='lat' dir='ltr'>navibus</span> <span class='ocrx_word' id='word_1_714' title='bbox 2509 4914 2847 4970; x_wconf 87' lang='lat' dir='ltr'>connexuit.</span> <span class='ocrx_word' id='word_1_715' title='bbox 2873 4917 3033 4970; x_wconf 87' lang='lat' dir='ltr'>Tunc</span> <span class='ocrx_word' id='word_1_716' title='bbox 3062 4914 3329 4970; x_wconf 90' lang='lat' dir='ltr'>trimodo</span> <span class='ocrx_word' id='word_1_717' title='bbox 3365 4930 3567 4971; x_wconf 90' lang='lat' dir='ltr'>errore</span> <span class='ocrx_word' id='word_1_718' title='bbox 3593 4912 3783 4966; x_wconf 60' lang='lat' dir='ltr'>aestuar-</span> 
     </span>
    </p>
   </div>
   <div class='ocr_carea' id='block_1_114' title="bbox 2209 4996 3778 5076">
    <p class='ocr_par' dir='ltr' id='par_1_114' title="bbox 2209 4996 3778 5076">
     <span class='ocr_line' id='line_1_114' title="bbox 2209 4996 3778 5076; baseline -0.003 -12"><span class='ocrx_word' id='word_1_719' title='bbox 2209 5008 2258 5064; x_wconf 93' lang='lat' dir='ltr'>si</span> <span class='ocrx_word' id='word_1_720' title='bbox 2323 5003 2563 5061; x_wconf 73' lang='lat' dir='ltr'>Diciam</span> <span class='ocrx_word' id='word_1_721' title='bbox 2639 5008 2950 5076; x_wconf 88' lang='lat' dir='ltr'>repeteret,</span> <span class='ocrx_word' id='word_1_722' title='bbox 3039 5019 3118 5059; x_wconf 91' lang='lat' dir='ltr'>an</span> <span class='ocrx_word' id='word_1_723' title='bbox 3199 5006 3528 5061; x_wconf 80' lang='lat' dir='ltr'>Franciam</span> <span class='ocrx_word' id='word_1_724' title='bbox 3598 4996 3778 5073; x_wconf 44' lang='lat' dir='ltr'>perﬂer‘“</span> 
     </span>
    </p>
   </div>
   <div class='ocr_carea' id='block_1_115' title="bbox 2208 5090 3777 5165">
    <p class='ocr_par' dir='ltr' id='par_1_115' title="bbox 2208 5090 3777 5165">
     <span class='ocr_line' id='line_1_115' title="bbox 2208 5090 3777 5165; baseline -0.012 -9"><span class='ocrx_word' id='word_1_725' title='bbox 2208 5104 2312 5155; x_wconf 91' lang='lat' dir='ltr'>aut</span> <span class='ocrx_word' id='word_1_726' title='bbox 2392 5092 2701 5161; x_wconf 80' lang='lat' dir='ltr'>Anglieam</span> <span class='ocrx_word' id='word_1_727' title='bbox 2791 5096 3011 5147; x_wconf 90' lang='lat' dir='ltr'>terram</span> <span class='ocrx_word' id='word_1_728' title='bbox 3102 5092 3331 5165; x_wconf 81' lang='lat' dir='ltr'>praeliis</span> <span class='ocrx_word' id='word_1_729' title='bbox 3420 5090 3702 5162; x_wconf 81' lang='lat' dir='ltr'>afﬂigeret,</span> <span class='ocrx_word' id='word_1_730' title='bbox 3764 5102 3777 5162; x_wconf 55' lang='lat'><strong>3</strong></span> 
     </span>
    </p>
   </div>
   <div class='ocr_carea' id='block_1_116' title="bbox 2209 5170 3789 5253">
    <p class='ocr_par' dir='ltr' id='par_1_116' title="bbox 2209 5170 3789 5253">
     <span class='ocr_line' id='line_1_116' title="bbox 2209 5170 3789 5253; baseline -0.006 -9"><span class='ocrx_word' id='word_1_731' title='bbox 2209 5188 2321 5244; x_wconf 90' lang='lat' dir='ltr'>sibi</span> <span class='ocrx_word' id='word_1_732' title='bbox 2378 5182 2724 5250; x_wconf 87' lang='lat' dir='ltr'>vindicaret,</span> <span class='ocrx_word' id='word_1_733' title='bbox 2800 5182 2979 5253; x_wconf 63' lang='lat' dir='ltr'>coepit</span> <span class='ocrx_word' id='word_1_734' title='bbox 3054 5181 3290 5236; x_wconf 88' lang='lat' dir='ltr'>anxiari</span> <span class='ocrx_word' id='word_1_735' title='bbox 3354 5182 3709 5249; x_wconf 82' lang='lat' dir='ltr'>nimiumque</span> <span class='ocrx_word' id='word_1_736' title='bbox 3746 5170 3789 5216; x_wconf 56' lang='lat' dir='ltr'>li&quot;</span> 
     </span>
    </p>
   </div>
   <div class='ocr_carea' id='block_1_117' title="bbox 2210 5277 2851 5334">
    <p class='ocr_par' dir='ltr' id='par_1_117' title="bbox 2210 5277 2851 5334">
     <span class='ocr_line' id='line_1_117' title="bbox 2210 5277 2851 5334; baseline -0.014 0"><span class='ocrx_word' id='word_1_737' title='bbox 2210 5277 2368 5334; x_wconf 89' lang='lat' dir='ltr'>stari.</span> <span class='ocrx_word' id='word_1_738' title='bbox 2846 5296 2851 5299; x_wconf 86' lang='grc'><strong>-</strong></span> 
     </span>
    </p>
   </div>
   <div class='ocr_carea' id='block_1_118' title="bbox 2663 5376 3434 5417">
    <p class='ocr_par' dir='ltr' id='par_1_118' title="bbox 2663 5376 3434 5417">
     <span class='ocr_line' id='line_1_118' title="bbox 2663 5376 3434 5417; baseline 0.001 -1"><span class='ocrx_word' id='word_1_739' title='bbox 2663 5376 3025 5416; x_wconf 72' lang='lat' dir='ltr'>APOSTROPHA</span> <span class='ocrx_word' id='word_1_740' title='bbox 3066 5376 3137 5413; x_wconf 75' lang='lat' dir='ltr'>AD</span> <span class='ocrx_word' id='word_1_741' title='bbox 3175 5376 3410 5416; x_wconf 64' lang='lat' dir='ltr'>EI’MDEH</span> <span class='ocrx_word' id='word_1_742' title='bbox 3422 5407 3434 5417; x_wconf 92' lang='lat'>.</span> 
     </span>
    </p>
   </div>
   <div class='ocr_carea' id='block_1_119' title="bbox 2211 5431 3788 5524">
    <p class='ocr_par' dir='ltr' id='par_1_119' title="bbox 2211 5431 3788 5524">
     <span class='ocr_line' id='line_1_119' title="bbox 2211 5431 3788 5524; baseline -0.018 -12"><span class='ocrx_word' id='word_1_743' title='bbox 2211 5454 2402 5521; x_wconf 84' lang='lat' dir='ltr'>Rollo,</span> <span class='ocrx_word' id='word_1_744' title='bbox 2430 5450 2573 5524; x_wconf 91' lang='lat' dir='ltr'>quid</span> <span class='ocrx_word' id='word_1_745' title='bbox 2631 5448 2928 5505; x_wconf 89' lang='lat' dir='ltr'>horrescis</span> <span class='ocrx_word' id='word_1_746' title='bbox 2964 5447 3249 5513; x_wconf 85' lang='lat' dir='ltr'>titubans,</span> <span class='ocrx_word' id='word_1_747' title='bbox 3296 5448 3641 5520; x_wconf 86' lang='lat' dir='ltr'>metuisque</span> <span class='ocrx_word' id='word_1_748' title='bbox 3668 5431 3788 5496; x_wconf 52' lang='lat' dir='ltr'>vace</span> 
     </span>
    </p>
   </div>
   <div class='ocr_carea' id='block_1_120' title="bbox 3677 5526 3799 5631">
    <p class='ocr_par' dir='ltr' id='par_1_120' title="bbox 3677 5526 3799 5631">
     <span class='ocr_line' id='line_1_120' title="bbox 3677 5526 3799 5631; baseline -0.025 -47"><span class='ocrx_word' id='word_1_749' title='bbox 3677 5526 3784 5601; x_wconf 65' lang='lat' dir='ltr'>{lani&#39;</span> 
     </span>
    </p>
   </div>
   <div class='ocr_carea' id='block_1_121' title="bbox 2212 5614 3800 5751">
    <p class='ocr_par' dir='ltr' id='par_1_121' title="bbox 2212 5614 3800 5751">
     <span class='ocr_line' id='line_1_121' title="bbox 2212 5614 3799 5700; baseline -0.012 -14"><span class='ocrx_word' id='word_1_750' title='bbox 2212 5629 2365 5696; x_wconf 87' lang='lat' dir='ltr'>Quid</span> <span class='ocrx_word' id='word_1_751' title='bbox 2390 5632 2633 5700; x_wconf 89' lang='lat' dir='ltr'>torques</span> <span class='ocrx_word' id='word_1_752' title='bbox 2677 5625 2947 5681; x_wconf 89' lang='lat' dir='ltr'>animum</span> <span class='ocrx_word' id='word_1_753' title='bbox 2979 5623 3308 5679; x_wconf 87' lang='lat' dir='ltr'>meditatus</span> <span class='ocrx_word' id='word_1_754' title='bbox 3349 5632 3523 5699; x_wconf 87' lang='lat' dir='ltr'>peste</span> <span class='ocrx_word' id='word_1_755' title='bbox 3554 5614 3799 5696; x_wconf 52' lang='lat' dir='ltr'>repletum”</span> 
     </span>
     <span class='ocr_line' id='line_1_122' title="bbox 2212 5656 3800 5751; baseline 0 0"><span class='ocrx_word' id='word_1_756' title='bbox 2212 5719 2339 5751; x_wconf 60' lang='lat' dir='ltr'>\nhl</span> <span class='ocrx_word' id='word_1_757' title='bbox 2371 5733 2472 5751; x_wconf 68' lang='lat' dir='ltr'>Ann</span> <span class='ocrx_word' id='word_1_758' title='bbox 2497 5731 2627 5751; x_wconf 68' lang='lat' dir='ltr'>nam</span> <span class='ocrx_word' id='word_1_759' title='bbox 2640 5714 2800 5751; x_wconf 70' lang='lat' dir='ltr'>hnrie</span> <span class='ocrx_word' id='word_1_760' title='bbox 2831 5728 3114 5751; x_wconf 63' lang='lat' dir='ltr'>nuxrnrnm</span> <span class='ocrx_word' id='word_1_761' title='bbox 3149 5711 3334 5751; x_wconf 59' lang='lat' dir='ltr'>enin-In</span> <span class='ocrx_word' id='word_1_762' title='bbox 3362 5714 3653 5751; x_wconf 63' lang='lat' dir='ltr'>mfnnhnm</span> <span class='ocrx_word' id='word_1_763' title='bbox 3674 5708 3696 5751; x_wconf 60' lang='grc' dir='ltr'><em>Ῥ</em></span> <span class='ocrx_word' id='word_1_764' title='bbox 3797 5656 3800 5751; x_wconf 50' lang='grc'>1</span> 
     </span>
    </p>
   </div>
   <div class='ocr_carea' id='block_1_122' title="bbox 458 5695 3696 5800">
    <p class='ocr_par' dir='ltr' id='par_1_122' title="bbox 458 5695 3696 5800">
     <span class='ocr_line' id='line_1_123' title="bbox 458 5695 3696 5800; baseline 0.001 -37"><span class='ocrx_word' id='word_1_765' title='bbox 458 5695 745 5763; x_wconf 72' lang='lat' dir='ltr'>suggeret</span> <span class='ocrx_word' id='word_1_766' title='bbox 774 5713 949 5758; x_wconf 92' lang='lat' dir='ltr'>omne</span> <span class='ocrx_word' id='word_1_767' title='bbox 974 5703 1207 5762; x_wconf 87' lang='lat' dir='ltr'>bonum</span> <span class='ocrx_word' id='word_1_768' title='bbox 1232 5708 1327 5766; x_wconf 87' lang='lat' dir='ltr'>isti</span> <span class='ocrx_word' id='word_1_769' title='bbox 1371 5695 1660 5786; x_wconf 78' lang='lat' dir='ltr'>prospera</span> <span class='ocrx_word' id='word_1_770' title='bbox 1689 5717 1871 5774; x_wconf 90' lang='lat' dir='ltr'>divite</span> <span class='ocrx_word' id='word_1_771' title='bbox 1894 5695 2122 5800; x_wconf 66' lang='lat' dir='ltr'>censu,</span> <span class='ocrx_word' id='word_1_772' title='bbox 2190 5695 2343 5790; x_wconf 84' lang='lat' dir='ltr'>Quid</span> <span class='ocrx_word' id='word_1_773' title='bbox 2370 5733 2472 5774; x_wconf 88' lang='lat' dir='ltr'>cor</span> <span class='ocrx_word' id='word_1_774' title='bbox 2497 5695 2801 5773; x_wconf 76' lang='lat' dir='ltr'>comburis</span> <span class='ocrx_word' id='word_1_775' title='bbox 2831 5728 3116 5769; x_wconf 89' lang='lat' dir='ltr'>curarum</span> <span class='ocrx_word' id='word_1_776' title='bbox 3148 5711 3337 5770; x_wconf 86' lang='lat' dir='ltr'>sorde</span> <span class='ocrx_word' id='word_1_777' title='bbox 3352 5695 3696 5772; x_wconf 60' lang='lat' dir='ltr'>refectum?</span> 
     </span>
    </p>
   </div>
  </div>
