3968 6390
124 281 240 332 633

731 279 820 332 DE
861 278 1096 335 GESTIS
1135 279 1563 335 ΝΟΒΜΑΝΝΙᾹΞ
1605 278 1697 332 DU

1986 274 2074 328 3R1
2112 275 2306 331 TRES.
2343 309 2410 316 —
2443 279 2574 333 LIB.
2619 281 2684 334 ll.
2727 278 2980 334 ROLLO.

3481 283 3585 336 634

127 400 296 466 Quid
317 401 556 456 hiscens
589 401 812 468 animo,
838 403 983 474 quid
1013 403 1199 458 volvis
1229 419 1389 457 nunc
1419 399 1808 458 meditando?
1848 404 1895 453 Α
1926 396 2081 451 tione
2108 399 2371 464 edentes,
2399 403 2693 474 populum
2743 403 3004 474 antiqua
3052 402 3278 458 fraudis
3309 404 3586 473 contagio

125 495 253 547 Cur
286 491 478 546 haeres
505 495 674 562 pater
697 491 911 547 obtutu
939 493 1172 546 defixus
1196 494 1256 547 in
1289 496 1454 549 uno?

122 580 441 651 Ambigua
470 586 527 635 et
559 596 872 652 creperum
927 597 1273 637 memorans
1303 583 1450 654 quid
1507 587 1704 636 mente
1733 597 1810 634 rs-

1516 673 1751 742 [tractas
1783 673 1810 726 ?

121 759 416 832 Quidque
445 765 650 832 stupes
672 777 880 815 casum
914 762 1190 832 praesenti
1227 767 1381 817 sorte
1422 761 1756 830 malignum
1783 763 1810 816 ‘?

121 849 356 904 Ordine
389 849 548 904 fatali
575 855 712 922 post
745 851 931 905 multa
953 851 1219 922 pericula
1251 852 1408 915 belli,

116 939 445 993 Ferventis
473 939 670 1010 pelagi
703 944 833 1010 post
874 956 1297 1011 sequereosque
1340 946 1625 1006 tumores,

121 1029 358 1099 Perpes
385 1028 737 1082 Christicola
769 1028 1078 1083 Francisca
1102 1030 1312 1084 celsior
1343 1030 1500 1095 aula,

119 1116 414 1171 Patritius
451 1117 673 1171 meritis
706 1117 1025 1171 florescens
1049 1118 1180 1187 jure
1211 1119 1461 1184 valebis,

121 1205 462 1260 Emeritum
493 1211 550 1261 et
572 1206 773 1277 capies
807 1206 1110 1276 condigna.
1143 1225 1336 1263 merce
1359 1223 1668 1275 coronam,

121 1300 188 1350 In
225 1311 592 1366 summoque
617 1295 780 1350 bono
802 1296 1019 1350 deitate
1060 1298 1383 1352 mereberis
1412 1297 1512 1352 uti.

201 1385 355 1438 Cum
387 1389 587 1439 autem
612 1385 962 1454 hujusmodi
996 1386 1546 1457 perturbationibus
1599 1386 1806 1440 sollici-

121 1479 224 1527 tus
267 1473 540 1538 haereret,
601 1473 1001 1544 hominesque
1056 1474 1316 1541 regionis
1371 1473 1528 1527 illius
1595 1472 1803 1527 ditioni

120 1578 255 1615 sure
289 1560 589 1615 fidelitatis
621 1561 809 1629 gratia
839 1561 1199 1632 vinculoque
1234 1578 1362 1616 sese
1387 1562 1798 1631 subjugarent,

120 1647 406 1718 quadam
435 1653 609 1704 nocte
657 1650 985 1721 soporifera
1015 1651 1187 1705 lethei
1242 1651 1412 1705 malis
1446 1650 1643 1721 quiete
1699 1664 1804 1719 per

122 1737 414 1792 membra
433 1736 640 1792 leniter
672 1744 964 1810 serpente,
992 1740 1191 1795 videre
1213 1740 1528 1794 videbatur
1559 1737 1800 1810 praecel-
1832 1750 1873 1802 Β

122 1824 479 1880 lentissimis
509 1828 817 1898 quondam
851 1829 1220 1900 przecelsiore
1276 1829 1599 1884 Franciscaa
1631 1827 1796 1882 babi-

125 1915 373 1969 tationis
406 1921 608 1970 monte
639 1917 966 1988 sepositum
1005 1935 1016 1970 ε
1050 1919 1301 1989 ejusque
1336 1919 1554 1972 montis
1611 1917 1670 1971 in
1703 1935 1800 1972 ca-

120 2003 373 2059 cumine
401 2004 625 2059 fontem
656 2006 954 2077 liquidum
995 2013 1048 2061 et
1080 2007 1466 2072 odoriferum,
1513 2024 1694 2078 seque
1740 2006 1800 2061 in

120 2107 196 2146 eo
228 2092 419 2159 ablui,
445 2098 501 2147 et
527 2093 604 2147 ab
631 2110 701 2147 eo
733 2095 959 2166 expiari
989 2096 1343 2165 contagione
1371 2096 1550 2167 leprze
1581 2101 1637 2150 et
1657 2112 1800 2168 pru-

119 2177 319 2244 rigine
353 2179 854 2234 contaminatum.
891 2182 1153 2251 Denique
1181 2181 1337 2234 illius
1371 2181 1593 2234 montis
1631 2197 1804 2235 cacu-

123 2264 294 2320 mine
321 2265 521 2320 adhuc
553 2272 850 2338 superstes
879 2269 1035 2323 circa
1062 2268 1254 2322 basim
1287 2269 1440 2323 illius
1473 2270 1608 2323 hinc
1643 2269 1798 2335 inde,

123 2358 181 2407 et
203 2353 583 2419 altrinsecus,
618 2354 807 2410 multa
836 2355 1022 2410 millia
1054 2356 1254 2410 avium
1286 2356 1666 2411 diversorum
1701 2373 1800 2425 ge-

124 2458 372 2511 nerum,
405 2443 550 2497 varii
577 2443 811 2510 coloris,
840 2444 1115 2499 sinistras
1148 2445 1273 2500 alas
1313 2447 1460 2516 quin
1493 2446 1670 2500 etiam
1703 2463 1803 2499 ru-

126 2532 432 2587 bicundas
460 2533 836 2589 habentium.
896 2537 1164 2598 Quarum
1193 2534 1424 2588 diffusae
1455 2535 1629 2604 longe
1658 2535 1801 2590 late-

125 2637 250 2693 que
283 2621 680 2676 multitudinis
712 2622 1136 2677 inexhaustam
1167 2624 1601 2678 extremitatem
1643 2640 1804 2695 pers-

126 2708 326 2779 picaci
360 2715 415 2763 et
444 2715 766 2777 angustato
798 2711 1010 2766 obtutu
1068 2727 1189 2766 non
1248 2717 1478 2782 poterat
1537 2728 1804 2783 compre-

125 2797 415 2852 hendere.
449 2801 740 2854 Caeterum
773 2801 1126 2869 congruenti
1155 2801 1390 2855 incessu
1435 2805 1613 2872 atque
1647 2801 1806 2855 vola-

129 2892 191 2940 tu
221 2902 328 2940 eas
359 2886 472 2940 sibi
495 2885 740 2942 alternis
775 2888 1003 2943 vicibus
1036 2890 1292 2944 invicem
1325 2890 1619 2952 cedentes,
1668 2889 1801 2944 fon-

129 2978 250 3027 tem
280 2973 505 3028 montis
532 2980 988 3049 petere,easque
1013 2994 1073 3033 se
1095 2978 1470 3033 convenienti
1501 2977 1802 3032 natatione

1920 486 2238 556 pollutum,
2274 492 2474 562 typico
2533 491 2894 563 baptismate
2940 491 3336 561 abluendum,
3393 509 3589 549 sacro-

1919 576 2107 630 sancti
2136 579 2402 650 corporis
2433 584 2489 635 et
2528 580 2837 650 sanguinis
2867 581 3078 635 Christi
3122 581 3409 637 alimonia
3433 583 3585 651 sagi-

1918 664 2210 720 nandum.
2259 669 2364 721 Per
2417 667 2611 736 nidos,
2665 684 2819 740 quos
2872 669 3097 723 circum
3146 674 3383 724 montes
3415 669 3588 724 facie-

1917 750 2083 817 bant,
2115 759 2490 810 vastatarum
2519 757 2758 811 urbium
2789 757 3014 812 moenia
3042 757 3469 814 reaadificanda
3498 759 3585 813 in-

1915 841 2164 908 telligas.
2196 843 2318 898 Tibi
2351 861 2493 899 aves
2541 845 2917 900 diversarum
2979 846 3310 917 specierum
3355 847 3585 902 obtem-

1914 931 2230 1001 perabunt,
2263 933 2368 987 tibi
2396 934 2670 989 homines
2697 935 3076 990 diversorum
3105 951 3431 1003 regnorum
3463 952 3584 991 ser-

1914 1019 2129 1075 viendo
2151 1021 2469 1077 accubitati
2501 1023 2800 1079 obedient.
2824 1043 2853 1075 »

1986 1108 2086 1162 His
2115 1109 2294 1179 igitur
2322 1112 2687 1167 mirabilium
2715 1113 3263 1185 interpretationem
3293 1113 3583 1168 sermoni-

1913 1197 2028 1251 bus
2061 1199 2224 1254 Bollo
2254 1201 2636 1267 exhilaratus,
2692 1202 2934 1256 visionis
2993 1218 3115 1256 suae
3175 1203 3580 1275 interpretem,

1912 1291 2278 1359 caeterosque
2309 1305 2464 1360 quos
2493 1290 2650 1345 bello
2700 1296 2939 1362 ceperat
2991 1291 3200 1346 vinclis
3259 1291 3434 1346 solvit
3479 1308 3582 1347 va-

1911 1375 2136 1446 riisque
2169 1379 2521 1432 muneribus
2553 1384 2609 1434 et
2659 1380 2836 1434 donis
2896 1380 3147 1434 diversis
3208 1380 3447 1446 ditatos,
3505 1380 3582 1435 ad

1914 1481 2024 1519 sua
2056 1465 2220 1520 laetos
2269 1468 2514 1523 remisit.
2577 1472 2656 1523 Eo
2693 1485 2957 1541 namque
2988 1474 3254 1541 tempore
3310 1486 3414 1524 rex
3469 1475 3583 1523 An-

1913 1554 2150 1623 glorum
2184 1555 2740 1626 Christianissimus,
2793 1558 3035 1613 nomine
3089 1558 3405 1622 Alstemus,
3458 1574 3582 1612 om-

1913 1644 2082 1698 nium
2113 1643 2415 1699 bonorum
2450 1645 2630 1700 titulis
2660 1652 3000 1713 exornatus,
3055 1652 3449 1702 sacrosanctae
3481 1649 3582 1701 Ec-

1914 1732 2107 1787 clesize
2162 1734 2509 1805 praedignus
2552 1736 2906 1802 advocatus,
2941 1736 3213 1791 habenas
3268 1736 3438 1804 regni
3465 1738 3581 1790 An-

1917 1823 2151 1890 glorum
2184 1823 2540 1879 moderabat
2565 1825 2889 1896 piissimus.
2943 1826 3047 1881 Cui
3103 1826 3386 1880 continuo
3417 1824 3583 1880 Rollo

1912 1910 2140 1975 legatos
2170 1927 2310 1964 suos
2336 1911 2516 1977 misit,
2574 1918 2627 1967 et
2673 1912 2818 1983 quid
2875 1912 3140 1968 dicerent
3181 1913 3429 1967 auribus
3459 1913 3584 1967 illo—

1911 2015 2046 2053 rum
2087 2000 2252 2071 prius
2307 2000 2620 2056 intimavit.
2683 2003 2790 2065 Qui
2846 2002 3148 2056 venientes
3183 2001 3261 2057 ad
3305 2017 3443 2056 eum
3472 2018 3583 2073 pro

1911 2088 2074 2142 vocis
2162 2089 2398 2154 affectu,
2483 2090 2820 2144 summissis
2892 2090 3153 2144 vultibus
3246 2090 3582 2144 dixerunt:

1913 2199 1940 2224 ‹‹
1985 2177 2268 2232 Animum
2335 2179 2915 2249 praepotentissimus
2981 2179 3293 2250 patricius,
3343 2179 3586 2250 duxque

1912 2270 2210 2321 Dacorum
2257 2268 2863 2338 preecellentissimus,
2925 2268 3091 2323 R0110
3139 2273 3341 2323 noster
3391 2268 3588 2322 senior

1911 2360 1967 2409 et
1993 2354 2320 2410 advocatus
2354 2356 2457 2409 tibi
2509 2356 2684 2411 ﬁdele
2732 2357 3063 2426 servitium,
3098 2357 3335 2428 tuisque
3385 2357 3587 2412 amici-

1911 2444 2003 2498 tiae
2034 2461 2257 2498 munus
2285 2444 2728 2499 inconvulsnm.
2781 2448 3080 2515 Magnum,
3137 2446 3380 2500 domine
3438 2448 3580 2516 Rex,

1912 2533 2103 2587 Daciae
2131 2549 2316 2600 regno
2344 2534 2733 2588 infortunium
2758 2549 3096 2605 perpessos,
3131 2539 3188 2588 et
3218 2533 3434 2598 habeo,
3467 2535 3585 2588 heu

1911 2621 2114 2675 dolor!
2150 2621 2559 2676 fraudulenter
2580 2621 3026 2686 exterminatos,
3062 2625 3252 2676 Eurus
3284 2621 3584 2676 obnoxius

1913 2710 2088 2764 nobis
2166 2711 2424 2781 penitus,
2481 2711 3128 2781 intumescentiumque
3185 2710 3585 2782 procellarum

1911 2798 2271 2852 elationibus
2303 2799 2574 2862 aﬂlictos,
2622 2799 2827 2853 vestris
2859 2799 3083 2853 finibus
3114 2799 3366 2870 appulit,
3418 2799 3584 2854 omni

1914 2886 2041 2958 spei
2063 2891 2118 2941 et
2150 2886 2356 2940 salutis
2387 2887 2668 2958 praesidio
2709 2887 2994 2957 privatos.
3055 2890 3203 2942 Cum
3258 2891 3458 2941 autem
3491 2903 3587 2942 co-

1911 2992 2195 3031 naremur
2237 2976 2476 3030 Daciam
2505 2980 2789 3047 repetere,
2825 2981 2880 3030 et
2910 2991 3020 3029 nos
3073 2977 3148 3031 de
3179 2976 3434 3030 inimicis
3482 2991 3586 3030 no-

130 3061 304 3117 sicuti
328 3062 521 3118 solent
573 3067 836 3136 tempore
868 3066 1077 3121 futurze
1117 3066 1336 3137 pluviae
1368 3067 1629 3121 abluere.
1665 3069 1803 3122 Om-
1833 3101 1873 3156 ρ
1914 3067 2015 3121 tris
2044 3066 2368 3126 vindicare,
2418 3066 2643 3120 obstitit
2700 3070 2755 3120 et
2808 3065 3134 3120 interclusit
3175 3082 3286 3120 nos
3319 3065 3583 3134 glacialis

129 3151 432 3223 nibusque
475 3152 632 3207 mira
688 3153 984 3209 infusione
1038 3155 1342 3224 delibutis,
1385 3172 1653 3225 congrua
1703 3172 1803 3212 eas

133 3241 392 3295 statione
444 3241 571 3296 sine
630 3242 984 3299 discretione
1026 3261 1314 3314 generum
1348 3250 1402 3300 et
1443 3247 1800 3316 specierum,

132 3328 256 3383 sine
279 3328 404 3383 ullo
426 3331 825 3385 contentionis
842 3332 1062 3401 jurgio,
1095 3338 1309 3388 mutuo
1339 3334 1601 3388 vicissim
1627 3340 1806 3406 pastu

130 3417 306 3489 quasi
352 3417 749 3475 amicabiliter
795 3421 1147 3487 comedere;
1201 3438 1423 3494 easque
1481 3424 1806 3495 deportatis

129 3506 493 3561 ramusculis
564 3508 865 3564 festinanti
932 3510 1138 3565 labore
1223 3511 1531 3566 nidificare
1584 3529 1596 3565 :
1657 3514 1803 3584 quin

132 3598 314 3652 etiam
374 3613 498 3652 suae
554 3597 800 3653 visionis
856 3600 1108 3671 imperio
1166 3601 1494 3656 voluntarie
1536 3619 1808 3657 succum-

123 3687 290 3743 bere.
326 3691 456 3743 Mox
489 3688 960 3760 expergefactus,
991 3695 1046 3744 et
1076 3690 1324 3744 visionis
1367 3707 1550 3762 quam
1579 3691 1806 3747 viderat

133 3777 549 3843 reminiscens,
573 3777 872 3832 accersitis
898 3778 1231 3848 majoribus
1259 3779 1621 3850 principum,
1669 3797 1806 3852 cap-

134 3866 330 3937 tisque
371 3865 578 3936 przelio
626 3866 998 3938 principibus
1057 3867 1233 3921 simul
1288 3869 1508 3934 ascitis,
1559 3885 1803 3925 omnem

132 3955 318 4024 hujus
365 3954 617 4008 visionis
675 3955 885 4010 seriem
944 3955 1350 4011 inconstanter
1393 3957 1691 4022 disseruit,
1749 3964 1805 4014 et

134 4042 282 4114 quid
335 4043 520 4112 hujus
561 4042 803 4098 visionis
879 4043 1198 4115 mysticum
1267 4046 1550 4100 sentirent
1599 4046 1676 4101 ab
1722 4047 1804 4102 eis

133 4129 400 4201 inquirit.
449 4134 610 4186 Tunc
685 4132 914 4186 cunctis
982 4133 1437 4198 conticentibus,
1491 4140 1804 4206 captorum

138 4235 293 4273 unus
330 4220 674 4275 Christianae
720 4221 1022 4291 religionis
1077 4223 1196 4277 ﬁde
1243 4224 1534 4292 imbutus,
1586 4241 1807 4297 praesa-

138 4307 356 4379 gioque
391 4308 610 4364 divinae
666 4309 1072 4382 inspirationis
1125 4329 1427 4384 aspersus,
1483 4316 1800 4386 mysticum

138 4397 291 4451 illius
371 4399 618 4453 visionis
683 4400 1046 4455 intellectum
1112 4402 1473 4474 explanavit,
1543 4405 1801 4461 dicens:

141 4510 165 4532 ‹‹
191 4488 366 4541 Mons
401 4490 656 4542 Franciaa
687 4505 811 4560 quo
843 4495 998 4544 stare
1015 4491 1340 4558 videbaris,
1379 4493 1803 4548 Ecclesiaillius

140 4576 510 4644 designatur.
548 4580 718 4643 Fons,
768 4579 872 4650 qui
928 4580 988 4633 in
1030 4580 1372 4635 summitate
1400 4583 1620 4636 montis
1660 4588 1804 4650 erat,

140 4666 481 4738 baptismus
499 4667 966 4735 regenerationis
992 4668 1545 4741 interpretatur.Pcr
1575 4672 1805 4742 lepram

142 4756 612 4827 etpruriginem,
669 4773 793 4828 qua
851 4757 1104 4818 infectus
1153 4774 1306 4822 eras,
1365 4760 1807 4816 commissionis

141 4852 252 4900 tuze
277 4845 505 4899 scelera
523 4850 577 4898 et
608 4851 850 4917 peccata
878 4847 1342 4902 animadvertas.
1368 4851 1440 4902 Te
1466 4848 1528 4902 in
1550 4865 1620 4903 eo
1642 4850 1808 4907 ablui

143 4939 195 4989 et
219 4934 298 4989 ab
328 4949 400 4988 eo
428 4933 611 5004 leprae
643 4933 1085 5005 pruriginisque
1115 4935 1330 4989 morbo
1373 4938 1717 5007 expurgari,
1752 4942 1804 4993 te

141 5024 379 5078 lavacro
407 5022 558 5077 sacri
607 5022 985 5094 baptismatis
1014 5024 1373 5091 regenerari,
1427 5029 1482 5078 et
1513 5025 1588 5080 ab
1616 5027 1805 5081 omni-

141 5114 250 5168 bus
284 5111 546 5184 peccatis
571 5111 907 5166 emundari.
956 5115 1062 5167 Per
1108 5111 1380 5167 volucres
1429 5112 1804 5169 diversorum

141 5217 431 5274 generum
459 5200 643 5255 lavas
673 5199 799 5256 alas
843 5200 1134 5256 habentes
1189 5201 1496 5272 puniceas,
1543 5218 1802 5274 quarum

141 5288 609 5347 infinitissimam
666 5289 1097 5344 extremitatem
1146 5290 1458 5346 exhaurire
1503 5291 1634 5346 visu
1681 5308 1806 5347 non

143 5386 402 5455 poteras,
430 5378 705 5433 homines
734 5379 1107 5434 diversarum
1134 5379 1580 5450 provinciarum
1613 5386 1808 5436 scutu-

143 5470 260 5525 lata
286 5466 562 5522 blacchia
590 5466 901 5531 habentes,
935 5467 1138 5538 tuique
1169 5467 1361 5522 effecti
1404 5467 1632 5532 ﬁdeles,
1655 5484 1807 5540 quo-

147 5575 277 5614 rum
306 5557 694 5611 innumeram
748 5556 1192 5613 multitudinem
1223 5557 1630 5613 coadunatam
1651 5558 1811 5613 vide-

149 5647 254 5712 bis,
288 5643 493 5699 animo
523 5645 960 5717 deprehendas.
998 5649 1101 5700 Per
1158 5646 1325 5701 alites
1357 5646 1512 5700 fonte
1558 5646 1808 5711 infusas,

151 5736 280 5793 etin
315 5749 387 5789 eo
413 5733 748 5790 alternatim
783 5735 1042 5806 ablutas,
1097 5735 1528 5808 communique
1578 5751 1810 5791 comes-

1914 3156 2131 3221 hiems,
2166 3156 2421 3226 geluque
2454 3158 2756 3210 crustante
2781 3161 3020 3222 terram,
3054 3160 3111 3209 et
3140 3154 3440 3225 afﬂigente
3480 3155 3585 3210 ﬂe-

1911 3245 2060 3299 biles
2089 3244 2415 3299 herbarum
2447 3249 2503 3298 et
2533 3244 2820 3298 arborum
2853 3260 3080 3306 comas,
3143 3244 3332 3298 densa
3364 3243 3584 3312 glacia-

1912 3333 2059 3388 lium
2091 3333 2247 3388 mole
2279 3334 2573 3388 refrenata
2621 3339 2961 3388 crustarum
3017 3337 3356 3387 struxerunt
3409 3331 3586 3386 nobis

1915 3439 2160 3478 murum
2217 3423 2489 3478 flumina.
2534 3426 2648 3477 Nec
2705 3422 2962 3494 praebuit
3008 3422 3183 3476 nobis
3227 3437 3584 3493 prosperum

1912 3513 2020 3566 iter
2064 3511 2246 3565 unda.
2305 3511 2627 3564 Audientes
2686 3511 2940 3581 quidam
2994 3509 3211 3564 mitites
3250 3510 3314 3563 in
3343 3509 3585 3564 conﬁno

1913 3600 2098 3656 nostri
2129 3600 2426 3655 adventus
2447 3598 3376 3669 commorantes,praemaximam
3393 3598 3584 3653 aciem

1913 3692 2122 3744 contra
2149 3703 2260 3742 nos
2292 3691 2652 3753 struxerunt,
2706 3702 2936 3757 nosque
2999 3686 3365 3740 lacescentes
3417 3685 3582 3740 inva-

1914 3782 2134 3831 serunt.
2171 3780 2286 3830 Nos
2316 3791 2457 3829 vero
2480 3791 2588 3829 nec
2640 3775 2752 3829 sub
2782 3775 3054 3844 glaciem,
3086 3790 3196 3829 nec
3238 3790 3422 3846 supra
3477 3789 3582 3829 na-

1912 3866 2116 3934 vigare
2148 3864 2432 3928 valentes,
2475 3862 2712 3917 illorum
2740 3863 3005 3917 audaciae
3043 3861 3390 3928 restitimus,
3427 3861 3576 3916 mul-

1914 3958 2126 4024 tosque
2153 3952 2391 4006 illorum
2442 3950 2649 4023 praelio
2704 3955 3044 4005 exarmatos
3099 3949 3389 4022 cepimus.
3455 3953 3582 4004 Non

1917 4048 2118 4098 autem
2141 4057 2394 4110 regnum
2436 4046 2606 4096 tuum
2636 4039 3165 4112 depopulabimus,
3210 4056 3321 4095 nec
3351 4039 3584 4112 praedas

1915 4149 2176 4204 usquam
2206 4138 2406 4204 raptas
2437 4132 2512 4186 ad
2541 4146 2726 4185 naves
2751 4130 3388 4185 vertemus.Vendendi
3405 4134 3585 4200 atque

1916 4222 2157 4278 emendi
2188 4226 2559 4293 sequestram
2590 4235 2804 4292 pacem
2858 4220 3139 4291 petimus,
3186 4219 3329 4290 quia
3384 4217 3582 4273 immi-

1917 4311 2111 4367 nentis
2140 4309 2297 4364 veris
2329 4315 2598 4380 tempore
2624 4308 2702 4363 ad
2731 4309 3047 4363 Franciam
3074 4305 3582 4378 proficiscemur.»

1921 4404 2040 4455 Rex
2066 4404 2267 4453 autem
2298 4397 2550 4452 hilarem
2589 4397 2820 4451 vultum
2879 4396 3244 4462 submissus,
3285 4394 3377 4448 his
3410 4392 3582 4448 audi-

1919 4489 1989 4544 tis
2024 4488 2293 4559 profatur
2325 4505 2338 4540 :
2373 4507 2400 4534 ‹‹
2432 4485 2600 4540 Nulla
2626 4484 2797 4539 tellus
2815 4484 2979 4540 effert
3000 4485 3156 4538 viros
3179 4483 3373 4551 magis
3395 4497 3582 4552 quam

1921 4577 2096 4632 Dacia
2122 4573 2790 4646 praecipuos,armisque
2817 4579 3052 4628 strenue
3079 4571 3341 4626 edoctos.
3373 4574 3584 4626 Paren-

1920 4667 2095 4722 telam
2120 4664 2354 4720 diffusae
2383 4662 2794 4734 generositatis
2843 4661 3021 4717 vestri
3075 4661 3344 4728 senioris,
3377 4677 3582 4716 casus-

1917 4772 2033 4827 que
2065 4758 2121 4808 et
2147 4753 2385 4808 labores
2407 4756 2660 4818 vestros,
2712 4750 2858 4822 quin
2904 4750 3081 4805 etiam
3133 4748 3582 4804 fraudulentam

1917 4844 2235 4918 perﬁdiam
2267 4843 2457 4898 Daciae
2513 4842 2669 4911 regis
2720 4841 2895 4896 nobis
2947 4840 3274 4896 retulerunt
3318 4839 3579 4911 plurimi.

1917 4940 2100 4991 Nemo
2133 4934 2366 4989 seniore
2391 4937 2591 4988 vestro
2613 4932 2832 5002 justior
2861 4932 2922 4986 in
2944 4931 3132 4995 factis,
3162 4946 3344 4985 nemo
3388 4931 3585 4999 major

1915 5024 1976 5078 in
2004 5022 2208 5078 armis.
2235 5021 2420 5091 Hujus
2449 5020 2669 5089 negotii
2703 5036 2880 5074 curas
2932 5018 3215 5086 seducite,
3273 5032 3581 5072 armorum

1918 5111 2130 5180 securi,
2163 5109 2505 5183 praeliorum
2537 5108 3121 5180 impatientes,atque
3148 5107 3422 5160 omnium
3453 5121 3584 5161 ma-

1912 5201 2111 5258 lorum
2133 5201 2434 5256 immunes
2460 5204 2663 5254 estote.
2697 5198 2890 5252 Liceat
2907 5197 3078 5251 vobis
3112 5195 3456 5268 ubicunque
3480 5202 3591 5252 ter”

1915 5307 2121 5347 rarum
2152 5295 2370 5344 nostrae
2401 5288 2640 5343 ditionis
2672 5287 2926 5342 vendere
2955 5290 3012 5341 et
3042 5302 3258 5340 emere.
3314 5288 3586 5342 Vestrum

1918 5379 2237 5447 seniorem,
2266 5394 2606 5449 precamur,
2641 5376 2853 5444 cogite,
2905 5380 2970 5430 ut
3001 5379 3220 5430 nostrae
3271 5374 3412 5430 ﬁdei
3441 5375 3586 5431 inte-

1921 5469 2130 5539 gritate
2160 5467 2438 5538 dignetur
2467 5467 2544 5521 ad
2569 5483 2679 5520 nos
2710 5464 2932 5532 venire,
2966 5464 3108 5536 quia
3137 5481 3276 5519 eum
3309 5464 3584 5520 desidero

1919 5558 2156 5627 intueri,
2192 5571 2491 5629 superque
2511 5555 2686 5610 malis
2717 5554 2839 5608 suis
2873 5555 3069 5609 solari.
3109 5578 3135 5602 ››
3164 5554 3465 5609 Abeuntes
3485 5569 3586 5608 au-

1922 5651 2043 5702 tem
2076 5645 2262 5709 missi,
2295 5659 2669 5716 quaecunque
2725 5643 3039 5698 audierant
3093 5642 3586 5698 renuntiaverunt

1925 5733 2177 5792 Rolloni.
2211 5733 2521 5805 Extemplo
2567 5731 2731 5791 Rollo
2761 5732 3047 5788 audacter
3074 5734 3132 5787 et
3175 5731 3587 5786 incunctanter
