  <div class='ocr_page' id='page_1' title='image "/cluster/home/n/w/nwhite01/storage/ocr_20150623/140-141/uc1.31175018559917/893.png"; bbox 0 0 3878 6404; ppageno 0'>
   <div class='ocr_carea' id='block_1_1' title="bbox 403 259 506 312">
    <p class='ocr_par' dir='ltr' id='par_1_1' title="bbox 403 259 506 312">
     <span class='ocr_line' id='line_1_1' title="bbox 403 259 506 312; baseline 0.019 -2"><span class='ocrx_word' id='word_1_1' title='bbox 403 259 506 312; x_wconf 70' lang='lat'>635</span> 
     </span>
    </p>
   </div>
   <div class='ocr_carea' id='block_1_2' title="bbox 1373 257 3837 320">
    <p class='ocr_par' dir='ltr' id='par_1_2' title="bbox 1373 257 3837 320">
     <span class='ocr_line' id='line_1_2' title="bbox 1373 257 3837 320; baseline -0.002 -5"><span class='ocrx_word' id='word_1_2' title='bbox 1373 261 1674 318; x_wconf 88' lang='lat' dir='ltr'>DUDONlS</span> <span class='ocrx_word' id='word_1_3' title='bbox 1719 260 1970 316; x_wconf 71' lang='lat' dir='ltr'>DECANI</span> <span class='ocrx_word' id='word_1_4' title='bbox 2013 257 2069 312; x_wconf 83' lang='lat' dir='ltr'>S:</span> <span class='ocrx_word' id='word_1_5' title='bbox 2114 257 2419 320; x_wconf 76' lang='lat' dir='ltr'>QUINTINI</span> <span class='ocrx_word' id='word_1_6' title='bbox 2459 258 2836 315; x_wconf 71' lang='lat' dir='ltr'>VIROMAND.</span> <span class='ocrx_word' id='word_1_7' title='bbox 3756 261 3837 312; x_wconf 67' lang='lat'>638</span> 
     </span>
    </p>
   </div>
   <div class='ocr_carea' id='block_1_3' title="bbox 403 379 3607 453">
    <p class='ocr_par' dir='ltr' id='par_1_3' title="bbox 403 379 3607 453">
     <span class='ocr_line' id='line_1_3' title="bbox 403 379 3607 453; baseline 0 -19"><span class='ocrx_word' id='word_1_8' title='bbox 403 380 662 452; x_wconf 80' lang='lat' dir='ltr'>perrexit</span> <span class='ocrx_word' id='word_1_9' title='bbox 689 380 766 436; x_wconf 93' lang='lat' dir='ltr'>ad</span> <span class='ocrx_word' id='word_1_10' title='bbox 794 396 994 450; x_wconf 78' lang='lat' dir='ltr'>regem</span> <span class='ocrx_word' id='word_1_11' title='bbox 1023 387 1227 437; x_wconf 89' lang='lat' dir='ltr'>contra</span> <span class='ocrx_word' id='word_1_12' title='bbox 1244 399 1303 436; x_wconf 85' lang='lat' dir='ltr'>se</span> <span class='ocrx_word' id='word_1_13' title='bbox 1325 384 1675 438; x_wconf 78' lang='lat' dir='ltr'>venientem.</span> <span class='ocrx_word' id='word_1_14' title='bbox 1708 383 1818 448; x_wconf 86' lang='lat' dir='ltr'>Qui</span> <span class='ocrx_word' id='word_1_15' title='bbox 1837 385 2046 437; x_wconf 86' lang='lat' dir='ltr'>mutuo</span> <span class='ocrx_word' id='word_1_16' title='bbox 2084 383 2129 434; x_wconf 78' lang='grc' dir='ltr'><strong>Α</strong></span> <span class='ocrx_word' id='word_1_17' title='bbox 2163 381 2392 434; x_wconf 82' lang='lat' dir='ltr'>Numen</span> <span class='ocrx_word' id='word_1_18' title='bbox 2423 384 2480 434; x_wconf 93' lang='lat' dir='ltr'>et</span> <span class='ocrx_word' id='word_1_19' title='bbox 2507 385 2728 436; x_wconf 71' lang='lat' dir='ltr'>aeterno</span> <span class='ocrx_word' id='word_1_20' title='bbox 2754 379 3157 453; x_wconf 89' lang='lat' dir='ltr'>complectens</span> <span class='ocrx_word' id='word_1_21' title='bbox 3178 379 3392 435; x_wconf 80' lang='lat' dir='ltr'>omnia</span> <span class='ocrx_word' id='word_1_22' title='bbox 3425 379 3607 448; x_wconf 78' lang='lat' dir='ltr'>giro,</span> 
     </span>
    </p>
   </div>
   <div class='ocr_carea' id='block_1_4' title="bbox 403 468 2049 541">
    <p class='ocr_par' dir='ltr' id='par_1_4' title="bbox 403 468 2049 541">
     <span class='ocr_line' id='line_1_4' title="bbox 403 468 2049 541; baseline 0.001 -19"><span class='ocrx_word' id='word_1_23' title='bbox 403 468 728 540; x_wconf 84' lang='lat' dir='ltr'>amplexati</span> <span class='ocrx_word' id='word_1_24' title='bbox 779 475 836 526; x_wconf 89' lang='lat' dir='ltr'>et</span> <span class='ocrx_word' id='word_1_25' title='bbox 876 470 1080 525; x_wconf 89' lang='lat' dir='ltr'>oscula</span> <span class='ocrx_word' id='word_1_26' title='bbox 1136 470 1321 539; x_wconf 89' lang='lat' dir='ltr'>libati,</span> <span class='ocrx_word' id='word_1_27' title='bbox 1369 471 1718 526; x_wconf 78' lang='lat' dir='ltr'>cedentibus</span> <span class='ocrx_word' id='word_1_28' title='bbox 1746 471 2049 541; x_wconf 89' lang='lat' dir='ltr'>utriusque</span> 
     </span>
    </p>
   </div>
   <div class='ocr_carea' id='block_1_5' title="bbox 406 556 1535 630">
    <p class='ocr_par' dir='ltr' id='par_1_5' title="bbox 406 556 1535 630">
     <span class='ocr_line' id='line_1_5' title="bbox 406 556 1535 630; baseline 0.003 -20"><span class='ocrx_word' id='word_1_29' title='bbox 406 556 700 612; x_wconf 82' lang='lat' dir='ltr'>exercitus</span> <span class='ocrx_word' id='word_1_30' title='bbox 729 558 937 612; x_wconf 82' lang='lat' dir='ltr'>turmis</span> <span class='ocrx_word' id='word_1_31' title='bbox 969 558 1250 612; x_wconf 88' lang='lat' dir='ltr'>sederunt</span> <span class='ocrx_word' id='word_1_32' title='bbox 1275 559 1535 630; x_wconf 85' lang='lat' dir='ltr'>sepositi.</span> 
     </span>
    </p>
   </div>
   <div class='ocr_carea' id='block_1_6' title="bbox 406 645 1668 717">
    <p class='ocr_par' dir='ltr' id='par_1_6' title="bbox 406 645 1668 717">
     <span class='ocr_line' id='line_1_6' title="bbox 406 645 1668 717; baseline 0.002 -19"><span class='ocrx_word' id='word_1_33' title='bbox 406 645 566 699; x_wconf 85' lang='lat' dir='ltr'>Tunc</span> <span class='ocrx_word' id='word_1_34' title='bbox 594 659 695 698; x_wconf 78' lang='lat' dir='ltr'>rex</span> <span class='ocrx_word' id='word_1_35' title='bbox 718 645 1013 700; x_wconf 82' lang='lat' dir='ltr'>Alstemus</span> <span class='ocrx_word' id='word_1_36' title='bbox 1045 645 1206 717; x_wconf 90' lang='lat' dir='ltr'>prior</span> <span class='ocrx_word' id='word_1_37' title='bbox 1232 650 1319 700; x_wconf 90' lang='lat' dir='ltr'>est</span> <span class='ocrx_word' id='word_1_38' title='bbox 1339 646 1630 702; x_wconf 85' lang='lat' dir='ltr'>allocutus</span> <span class='ocrx_word' id='word_1_39' title='bbox 1656 664 1668 700; x_wconf 91' lang='lat'><strong>:</strong></span> 
     </span>
    </p>
   </div>
   <div class='ocr_carea' id='block_1_7' title="bbox 406 733 1836 805">
    <p class='ocr_par' dir='ltr' id='par_1_7' title="bbox 406 733 1836 805">
     <span class='ocr_line' id='line_1_7' title="bbox 406 733 1836 805; baseline 0.001 -18"><span class='ocrx_word' id='word_1_40' title='bbox 406 733 686 804; x_wconf 86' lang='lat' dir='ltr'>Prosapia</span> <span class='ocrx_word' id='word_1_41' title='bbox 723 733 970 805; x_wconf 89' lang='lat' dir='ltr'>pollens,</span> <span class='ocrx_word' id='word_1_42' title='bbox 1003 739 1304 801; x_wconf 74' lang='lat' dir='ltr'>gestorum</span> <span class='ocrx_word' id='word_1_43' title='bbox 1337 734 1560 790; x_wconf 88' lang='lat' dir='ltr'>lumine</span> <span class='ocrx_word' id='word_1_44' title='bbox 1587 736 1836 804; x_wconf 75' lang='lat' dir='ltr'>fulgens.</span> 
     </span>
    </p>
   </div>
   <div class='ocr_carea' id='block_1_8' title="bbox 406 821 1910 896">
    <p class='ocr_par' dir='ltr' id='par_1_8' title="bbox 406 821 1910 896">
     <span class='ocr_line' id='line_1_8' title="bbox 406 821 1910 896; baseline 0.002 -21"><span class='ocrx_word' id='word_1_45' title='bbox 406 821 662 876; x_wconf 85' lang='lat' dir='ltr'>Moribus</span> <span class='ocrx_word' id='word_1_46' title='bbox 693 827 751 877; x_wconf 90' lang='lat' dir='ltr'>et</span> <span class='ocrx_word' id='word_1_47' title='bbox 778 823 1000 878; x_wconf 89' lang='lat' dir='ltr'>meritis</span> <span class='ocrx_word' id='word_1_48' title='bbox 1031 823 1366 894; x_wconf 67' lang='lat' dir='ltr'>praacelsior</span> <span class='ocrx_word' id='word_1_49' title='bbox 1395 825 1698 891; x_wconf 86' lang='lat' dir='ltr'>omnibus,</span> <span class='ocrx_word' id='word_1_50' title='bbox 1733 829 1910 896; x_wconf 87' lang='lat' dir='ltr'>atque</span> 
     </span>
    </p>
   </div>
   <div class='ocr_carea' id='block_1_9' title="bbox 408 909 1800 984">
    <p class='ocr_par' dir='ltr' id='par_1_9' title="bbox 408 909 1800 984">
     <span class='ocr_line' id='line_1_9' title="bbox 408 909 1800 984; baseline 0.004 -22"><span class='ocrx_word' id='word_1_51' title='bbox 408 909 645 965; x_wconf 85' lang='lat' dir='ltr'>Fcedere</span> <span class='ocrx_word' id='word_1_52' title='bbox 673 911 1028 984; x_wconf 90' lang='lat' dir='ltr'>complacito</span> <span class='ocrx_word' id='word_1_53' title='bbox 1054 913 1192 967; x_wconf 83' lang='lat' dir='ltr'>ﬁdei</span> <span class='ocrx_word' id='word_1_54' title='bbox 1229 917 1538 968; x_wconf 90' lang='lat' dir='ltr'>nectamur</span> <span class='ocrx_word' id='word_1_55' title='bbox 1560 913 1622 968; x_wconf 91' lang='lat' dir='ltr'>in</span> <span class='ocrx_word' id='word_1_56' title='bbox 1661 929 1800 968; x_wconf 91' lang='lat' dir='ltr'>uno.</span> 
     </span>
    </p>
   </div>
   <div class='ocr_carea' id='block_1_10' title="bbox 411 998 2050 1074">
    <p class='ocr_par' dir='ltr' id='par_1_10' title="bbox 411 998 2050 1074">
     <span class='ocr_line' id='line_1_10' title="bbox 411 998 2050 1074; baseline 0.002 -22"><span class='ocrx_word' id='word_1_57' title='bbox 411 998 497 1052; x_wconf 88' lang='lat' dir='ltr'>Sis</span> <span class='ocrx_word' id='word_1_58' title='bbox 519 1003 659 1069; x_wconf 87' lang='lat' dir='ltr'>peto</span> <span class='ocrx_word' id='word_1_59' title='bbox 675 1016 816 1071; x_wconf 88' lang='lat' dir='ltr'>pars</span> <span class='ocrx_word' id='word_1_60' title='bbox 849 1001 1062 1058; x_wconf 71' lang='lat' dir='ltr'>animae</span> <span class='ocrx_word' id='word_1_61' title='bbox 1087 1017 1440 1074; x_wconf 81' lang='lat' dir='ltr'>semperque</span> <span class='ocrx_word' id='word_1_62' title='bbox 1471 1017 1617 1056; x_wconf 68' lang='lat' dir='ltr'>mere</span> <span class='ocrx_word' id='word_1_63' title='bbox 1644 1005 2050 1072; x_wconf 87' lang='lat' dir='ltr'>comes,atque</span> 
     </span>
    </p>
   </div>
   <div class='ocr_carea' id='block_1_11' title="bbox 407 1083 1750 1162">
    <p class='ocr_par' dir='ltr' id='par_1_11' title="bbox 407 1083 1750 1162">
     <span class='ocr_line' id='line_1_11' title="bbox 407 1083 1750 1162; baseline 0.006 -25"><span class='ocrx_word' id='word_1_64' title='bbox 407 1083 650 1140; x_wconf 87' lang='lat' dir='ltr'>Finibus</span> <span class='ocrx_word' id='word_1_65' title='bbox 681 1087 740 1142; x_wconf 90' lang='lat' dir='ltr'>in</span> <span class='ocrx_word' id='word_1_66' title='bbox 772 1088 989 1142; x_wconf 83' lang='lat' dir='ltr'>nostris</span> <span class='ocrx_word' id='word_1_67' title='bbox 1019 1093 1192 1143; x_wconf 82' lang='lat' dir='ltr'>temet</span> <span class='ocrx_word' id='word_1_68' title='bbox 1217 1089 1480 1162; x_wconf 84' lang='lat' dir='ltr'>deposco</span> <span class='ocrx_word' id='word_1_69' title='bbox 1511 1091 1750 1145; x_wconf 86' lang='lat' dir='ltr'>morari.</span> 
     </span>
    </p>
   </div>
   <div class='ocr_carea' id='block_1_12' title="bbox 408 1172 1736 1250">
    <p class='ocr_par' dir='ltr' id='par_1_12' title="bbox 408 1172 1736 1250">
     <span class='ocr_line' id='line_1_12' title="bbox 408 1172 1736 1250; baseline 0.004 -23"><span class='ocrx_word' id='word_1_70' title='bbox 408 1172 619 1245; x_wconf 86' lang='lat' dir='ltr'>Sicque</span> <span class='ocrx_word' id='word_1_71' title='bbox 645 1175 942 1231; x_wconf 87' lang='lat' dir='ltr'>salutifero</span> <span class='ocrx_word' id='word_1_72' title='bbox 972 1177 1330 1248; x_wconf 81' lang='lat' dir='ltr'>baptismate</span> <span class='ocrx_word' id='word_1_73' title='bbox 1363 1179 1537 1233; x_wconf 80' lang='lat' dir='ltr'>sorde</span> <span class='ocrx_word' id='word_1_74' title='bbox 1569 1178 1736 1250; x_wconf 85' lang='lat' dir='ltr'>piari.</span> 
     </span>
    </p>
   </div>
   <div class='ocr_carea' id='block_1_13' title="bbox 410 1263 1836 1334">
    <p class='ocr_par' dir='ltr' id='par_1_13' title="bbox 410 1263 1836 1334">
     <span class='ocr_line' id='line_1_13' title="bbox 410 1263 1836 1334; baseline 0.004 -20"><span class='ocrx_word' id='word_1_75' title='bbox 410 1263 494 1315; x_wconf 87' lang='lat' dir='ltr'>En</span> <span class='ocrx_word' id='word_1_76' title='bbox 521 1263 668 1334; x_wconf 89' lang='lat' dir='ltr'>quid</span> <span class='ocrx_word' id='word_1_77' title='bbox 689 1265 864 1333; x_wconf 81' lang='lat' dir='ltr'>gestis</span> <span class='ocrx_word' id='word_1_78' title='bbox 892 1265 1047 1320; x_wconf 85' lang='lat' dir='ltr'>habe</span> <span class='ocrx_word' id='word_1_79' title='bbox 1079 1271 1296 1321; x_wconf 61' lang='lat' dir='ltr'>nostrai</span> <span class='ocrx_word' id='word_1_80' title='bbox 1319 1267 1556 1322; x_wconf 90' lang='lat' dir='ltr'>ditionis</span> <span class='ocrx_word' id='word_1_81' title='bbox 1581 1267 1640 1322; x_wconf 90' lang='lat' dir='ltr'>in</span> <span class='ocrx_word' id='word_1_82' title='bbox 1671 1267 1836 1322; x_wconf 85' lang='lat' dir='ltr'>orbe.</span> 
     </span>
    </p>
   </div>
   <div class='ocr_carea' id='block_1_14' title="bbox 411 1350 1941 1428">
    <p class='ocr_par' dir='ltr' id='par_1_14' title="bbox 411 1350 1941 1428">
     <span class='ocr_line' id='line_1_14' title="bbox 411 1350 1941 1428; baseline 0.003 -23"><span class='ocrx_word' id='word_1_83' title='bbox 411 1350 497 1406; x_wconf 92' lang='lat' dir='ltr'>Sis</span> <span class='ocrx_word' id='word_1_84' title='bbox 524 1367 756 1408; x_wconf 89' lang='lat' dir='ltr'>memor</span> <span class='ocrx_word' id='word_1_85' title='bbox 783 1354 907 1426; x_wconf 91' lang='lat' dir='ltr'>ipse</span> <span class='ocrx_word' id='word_1_86' title='bbox 936 1355 1053 1410; x_wconf 92' lang='lat' dir='ltr'>mei</span> <span class='ocrx_word' id='word_1_87' title='bbox 1085 1355 1250 1410; x_wconf 87' lang='lat' dir='ltr'>fuero</span> <span class='ocrx_word' id='word_1_88' title='bbox 1275 1373 1384 1411; x_wconf 92' lang='lat' dir='ltr'>ceu</span> <span class='ocrx_word' id='word_1_89' title='bbox 1410 1373 1646 1428; x_wconf 89' lang='lat' dir='ltr'>semper</span> <span class='ocrx_word' id='word_1_90' title='bbox 1669 1357 1730 1412; x_wconf 90' lang='lat' dir='ltr'>in</span> <span class='ocrx_word' id='word_1_91' title='bbox 1757 1356 1941 1422; x_wconf 89' lang='lat' dir='ltr'>omni,</span> 
     </span>
    </p>
   </div>
   <div class='ocr_carea' id='block_1_15' title="bbox 409 1440 1728 1517">
    <p class='ocr_par' dir='ltr' id='par_1_15' title="bbox 409 1440 1728 1517">
     <span class='ocr_line' id='line_1_15' title="bbox 409 1440 1728 1517; baseline 0.005 -24"><span class='ocrx_word' id='word_1_92' title='bbox 409 1442 473 1494; x_wconf 88' lang='lat' dir='ltr'>Et</span> <span class='ocrx_word' id='word_1_93' title='bbox 511 1440 556 1494; x_wconf 91' lang='lat' dir='ltr'>si</span> <span class='ocrx_word' id='word_1_94' title='bbox 579 1441 723 1497; x_wconf 84' lang='lat' dir='ltr'>velle</span> <span class='ocrx_word' id='word_1_95' title='bbox 753 1441 900 1498; x_wconf 89' lang='lat' dir='ltr'>alias</span> <span class='ocrx_word' id='word_1_96' title='bbox 924 1449 1013 1498; x_wconf 88' lang='lat' dir='ltr'>est</span> <span class='ocrx_word' id='word_1_97' title='bbox 1034 1460 1193 1499; x_wconf 90' lang='lat' dir='ltr'>nunc</span> <span class='ocrx_word' id='word_1_98' title='bbox 1226 1445 1501 1517; x_wconf 86' lang='lat' dir='ltr'>proﬁciar</span> <span class='ocrx_word' id='word_1_99' title='bbox 1530 1445 1728 1500; x_wconf 89' lang='lat' dir='ltr'>horas.</span> 
     </span>
    </p>
   </div>
   <div class='ocr_carea' id='block_1_16' title="bbox 409 1527 1906 1603">
    <p class='ocr_par' dir='ltr' id='par_1_16' title="bbox 409 1527 1906 1603">
     <span class='ocr_line' id='line_1_16' title="bbox 409 1527 1906 1603; baseline 0.003 -21"><span class='ocrx_word' id='word_1_100' title='bbox 409 1527 466 1583; x_wconf 88' lang='lat' dir='ltr'>Si</span> <span class='ocrx_word' id='word_1_101' title='bbox 495 1543 640 1596; x_wconf 82' lang='lat' dir='ltr'>gens</span> <span class='ocrx_word' id='word_1_102' title='bbox 666 1534 854 1598; x_wconf 63' lang='lat' dir='ltr'>&quot;torva,</span> <span class='ocrx_word' id='word_1_103' title='bbox 887 1531 1050 1586; x_wconf 80' lang='lat' dir='ltr'>ferox</span> <span class='ocrx_word' id='word_1_104' title='bbox 1073 1533 1328 1603; x_wconf 87' lang='lat' dir='ltr'>jamjam</span> <span class='ocrx_word' id='word_1_105' title='bbox 1355 1533 1671 1589; x_wconf 84' lang='lat' dir='ltr'>feritaverit</span> <span class='ocrx_word' id='word_1_106' title='bbox 1700 1533 1758 1588; x_wconf 91' lang='lat' dir='ltr'>in</span> <span class='ocrx_word' id='word_1_107' title='bbox 1790 1548 1906 1596; x_wconf 90' lang='lat' dir='ltr'>me,</span> 
     </span>
    </p>
   </div>
   <div class='ocr_carea' id='block_1_17' title="bbox 407 1615 2046 1692">
    <p class='ocr_par' dir='ltr' id='par_1_17' title="bbox 407 1615 2046 1692">
     <span class='ocr_line' id='line_1_17' title="bbox 407 1615 2046 1692; baseline 0.004 -25"><span class='ocrx_word' id='word_1_108' title='bbox 407 1615 705 1688; x_wconf 88' lang='lat' dir='ltr'>Improba,</span> <span class='ocrx_word' id='word_1_109' title='bbox 737 1633 857 1673; x_wconf 91' lang='lat' dir='ltr'>non</span> <span class='ocrx_word' id='word_1_110' title='bbox 885 1635 1128 1674; x_wconf 89' lang='lat' dir='ltr'>servans</span> <span class='ocrx_word' id='word_1_111' title='bbox 1169 1620 1306 1675; x_wconf 88' lang='lat' dir='ltr'>ﬁdei</span> <span class='ocrx_word' id='word_1_112' title='bbox 1352 1621 1732 1692; x_wconf 85' lang='lat' dir='ltr'>retinensque</span> <span class='ocrx_word' id='word_1_113' title='bbox 1759 1624 2046 1686; x_wconf 85' lang='lat' dir='ltr'>tenorem,</span> 
     </span>
    </p>
   </div>
   <div class='ocr_carea' id='block_1_18' title="bbox 409 1705 1912 1780">
    <p class='ocr_par' dir='ltr' id='par_1_18' title="bbox 409 1705 1912 1780">
     <span class='ocr_line' id='line_1_18' title="bbox 409 1705 1912 1780; baseline 0.003 -22"><span class='ocrx_word' id='word_1_114' title='bbox 409 1705 474 1759; x_wconf 88' lang='lat' dir='ltr'>Ut</span> <span class='ocrx_word' id='word_1_115' title='bbox 496 1705 650 1776; x_wconf 89' lang='lat' dir='ltr'>potis</span> <span class='ocrx_word' id='word_1_116' title='bbox 681 1723 744 1761; x_wconf 90' lang='lat' dir='ltr'>es</span> <span class='ocrx_word' id='word_1_117' title='bbox 777 1707 862 1762; x_wconf 83' lang='lat' dir='ltr'>fer</span> <span class='ocrx_word' id='word_1_118' title='bbox 887 1724 1065 1780; x_wconf 90' lang='lat' dir='ltr'>opem</span> <span class='ocrx_word' id='word_1_119' title='bbox 1093 1709 1286 1764; x_wconf 85' lang='lat' dir='ltr'>stabili</span> <span class='ocrx_word' id='word_1_120' title='bbox 1317 1711 1629 1765; x_wconf 87' lang='lat' dir='ltr'>conamine</span> <span class='ocrx_word' id='word_1_121' title='bbox 1659 1709 1912 1765; x_wconf 88' lang='lat' dir='ltr'>salvans.</span> 
     </span>
    </p>
   </div>
   <div class='ocr_carea' id='block_1_19' title="bbox 407 1793 1745 1868">
    <p class='ocr_par' dir='ltr' id='par_1_19' title="bbox 407 1793 1745 1868">
     <span class='ocr_line' id='line_1_19' title="bbox 407 1793 1745 1868; baseline 0.004 -21"><span class='ocrx_word' id='word_1_122' title='bbox 407 1795 472 1847; x_wconf 91' lang='lat' dir='ltr'>Et</span> <span class='ocrx_word' id='word_1_123' title='bbox 499 1793 600 1848; x_wconf 84' lang='lat' dir='ltr'>tibi</span> <span class='ocrx_word' id='word_1_124' title='bbox 631 1811 974 1852; x_wconf 83' lang='lat' dir='ltr'>succurram</span> <span class='ocrx_word' id='word_1_125' title='bbox 1006 1797 1178 1852; x_wconf 89' lang='lat' dir='ltr'>simili</span> <span class='ocrx_word' id='word_1_126' title='bbox 1205 1798 1428 1854; x_wconf 88' lang='lat' dir='ltr'>ratione</span> <span class='ocrx_word' id='word_1_127' title='bbox 1455 1798 1745 1868; x_wconf 60' lang='lat' dir='ltr'>ju&#39;vando,</span> 
     </span>
    </p>
   </div>
   <div class='ocr_carea' id='block_1_20' title="bbox 405 1883 1942 1955">
    <p class='ocr_par' dir='ltr' id='par_1_20' title="bbox 405 1883 1942 1955">
     <span class='ocr_line' id='line_1_20' title="bbox 405 1883 1942 1955; baseline 0.004 -20"><span class='ocrx_word' id='word_1_128' title='bbox 405 1883 478 1936; x_wconf 90' lang='lat' dir='ltr'>Te</span> <span class='ocrx_word' id='word_1_129' title='bbox 506 1885 638 1950; x_wconf 88' lang='lat' dir='ltr'>eget</span> <span class='ocrx_word' id='word_1_130' title='bbox 657 1888 834 1955; x_wconf 90' lang='lat' dir='ltr'>atque</span> <span class='ocrx_word' id='word_1_131' title='bbox 865 1901 1069 1940; x_wconf 89' lang='lat' dir='ltr'>meum</span> <span class='ocrx_word' id='word_1_132' title='bbox 1099 1891 1308 1941; x_wconf 88' lang='lat' dir='ltr'>mutuo</span> <span class='ocrx_word' id='word_1_133' title='bbox 1338 1887 1942 1942; x_wconf 85' lang='lat' dir='ltr'>certamine&#39;scutum.</span> 
     </span>
    </p>
   </div>
   <div class='ocr_carea' id='block_1_21' title="bbox 475 1972 2052 2046">
    <p class='ocr_par' dir='ltr' id='par_1_21' title="bbox 475 1972 2052 2046">
     <span class='ocr_line' id='line_1_21' title="bbox 475 1972 2052 2046; baseline 0.003 -20"><span class='ocrx_word' id='word_1_134' title='bbox 475 1973 636 2026; x_wconf 86' lang='lat' dir='ltr'>Tunc</span> <span class='ocrx_word' id='word_1_135' title='bbox 658 1972 822 2028; x_wconf 83' lang='lat' dir='ltr'>Rollo</span> <span class='ocrx_word' id='word_1_136' title='bbox 850 1990 1029 2046; x_wconf 85' lang='lat' dir='ltr'>super</span> <span class='ocrx_word' id='word_1_137' title='bbox 1054 1975 1207 2044; x_wconf 86' lang='lat' dir='ltr'>regis</span> <span class='ocrx_word' id='word_1_138' title='bbox 1259 1975 1430 2030; x_wconf 88' lang='lat' dir='ltr'>dictis</span> <span class='ocrx_word' id='word_1_139' title='bbox 1472 1975 1640 2030; x_wconf 68' lang='lat' dir='ltr'>laetus</span> <span class='ocrx_word' id='word_1_140' title='bbox 1669 1975 1889 2030; x_wconf 84' lang='lat' dir='ltr'>dixisse</span> <span class='ocrx_word' id='word_1_141' title='bbox 1939 1976 2052 2030; x_wconf 39' lang='lat' dir='ltr'>fere</span> 
     </span>
    </p>
   </div>
   <div class='ocr_carea' id='block_1_22' title="bbox 407 2062 2050 2136">
    <p class='ocr_par' dir='ltr' id='par_1_22' title="bbox 407 2062 2050 2136">
     <span class='ocr_line' id='line_1_22' title="bbox 407 2062 2050 2136; baseline 0.002 -24"><span class='ocrx_word' id='word_1_142' title='bbox 407 2063 503 2113; x_wconf 89' lang='lat' dir='ltr'>tur</span> <span class='ocrx_word' id='word_1_143' title='bbox 536 2075 548 2112; x_wconf 93' lang='lat'><strong>:</strong></span> <span class='ocrx_word' id='word_1_144' title='bbox 575 2082 601 2106; x_wconf 90' lang='grc'>‹‹</span> <span class='ocrx_word' id='word_1_145' title='bbox 636 2063 837 2116; x_wconf 83' lang='lat' dir='ltr'>Grates</span> <span class='ocrx_word' id='word_1_146' title='bbox 860 2062 982 2122; x_wconf 80' lang='lat' dir='ltr'>tibi,</span> <span class='ocrx_word' id='word_1_147' title='bbox 1013 2063 1286 2117; x_wconf 89' lang='lat' dir='ltr'>omnium</span> <span class='ocrx_word' id='word_1_148' title='bbox 1318 2079 1525 2131; x_wconf 84' lang='lat' dir='ltr'>regum</span> <span class='ocrx_word' id='word_1_149' title='bbox 1548 2063 2050 2136; x_wconf 64' lang='lat' dir='ltr'>pmstantissime,</span> 
     </span>
    </p>
   </div>
   <div class='ocr_carea' id='block_1_23' title="bbox 408 2148 2052 2223">
    <p class='ocr_par' dir='ltr' id='par_1_23' title="bbox 408 2148 2052 2223">
     <span class='ocr_line' id='line_1_23' title="bbox 408 2148 2052 2223; baseline 0.004 -23"><span class='ocrx_word' id='word_1_150' title='bbox 408 2162 588 2218; x_wconf 87' lang='lat' dir='ltr'>super</span> <span class='ocrx_word' id='word_1_151' title='bbox 613 2148 962 2204; x_wconf 83' lang='lat' dir='ltr'>voluntariis</span> <span class='ocrx_word' id='word_1_152' title='bbox 991 2151 1293 2206; x_wconf 86' lang='lat' dir='ltr'>beneﬁciis</span> <span class='ocrx_word' id='word_1_153' title='bbox 1340 2152 1623 2222; x_wconf 85' lang='lat' dir='ltr'>rependo,</span> <span class='ocrx_word' id='word_1_154' title='bbox 1678 2156 1734 2206; x_wconf 91' lang='lat' dir='ltr'>et</span> <span class='ocrx_word' id='word_1_155' title='bbox 1761 2152 2052 2223; x_wconf 84' lang='lat' dir='ltr'>quidquid</span> 
     </span>
    </p>
   </div>
   <div class='ocr_carea' id='block_1_24' title="bbox 407 2233 2053 2312">
    <p class='ocr_par' dir='ltr' id='par_1_24' title="bbox 407 2233 2053 2312">
     <span class='ocr_line' id='line_1_24' title="bbox 407 2233 2053 2312; baseline 0.002 -23"><span class='ocrx_word' id='word_1_156' title='bbox 407 2233 558 2290; x_wconf 90' lang='lat' dir='ltr'>inter</span> <span class='ocrx_word' id='word_1_157' title='bbox 586 2252 682 2291; x_wconf 90' lang='lat' dir='ltr'>me</span> <span class='ocrx_word' id='word_1_158' title='bbox 713 2243 768 2292; x_wconf 87' lang='lat' dir='ltr'>et</span> <span class='ocrx_word' id='word_1_159' title='bbox 797 2242 852 2292; x_wconf 90' lang='lat' dir='ltr'>te</span> <span class='ocrx_word' id='word_1_160' title='bbox 883 2239 1118 2308; x_wconf 89' lang='lat' dir='ltr'>agenda</span> <span class='ocrx_word' id='word_1_161' title='bbox 1148 2239 1414 2304; x_wconf 89' lang='lat' dir='ltr'>retulisti,</span> <span class='ocrx_word' id='word_1_162' title='bbox 1445 2240 1535 2294; x_wconf 87' lang='lat' dir='ltr'>fac</span> <span class='ocrx_word' id='word_1_163' title='bbox 1588 2245 1651 2295; x_wconf 89' lang='lat' dir='ltr'>ut</span> <span class='ocrx_word' id='word_1_164' title='bbox 1705 2245 1866 2312; x_wconf 87' lang='lat' dir='ltr'>opto.</span> <span class='ocrx_word' id='word_1_165' title='bbox 1919 2241 2053 2294; x_wconf 70' lang='lat' dir='ltr'>lliu-</span> 
     </span>
    </p>
   </div>
   <div class='ocr_carea' id='block_1_25' title="bbox 409 2323 2054 2399">
    <p class='ocr_par' dir='ltr' id='par_1_25' title="bbox 409 2323 2054 2399">
     <span class='ocr_line' id='line_1_25' title="bbox 409 2323 2054 2399; baseline 0.002 -21"><span class='ocrx_word' id='word_1_166' title='bbox 409 2323 636 2380; x_wconf 85' lang='lat' dir='ltr'>tissime</span> <span class='ocrx_word' id='word_1_167' title='bbox 661 2325 721 2380; x_wconf 92' lang='lat' dir='ltr'>in</span> <span class='ocrx_word' id='word_1_168' title='bbox 747 2341 931 2394; x_wconf 85' lang='lat' dir='ltr'>regno</span> <span class='ocrx_word' id='word_1_169' title='bbox 984 2332 1082 2382; x_wconf 89' lang='lat' dir='ltr'>tuo</span> <span class='ocrx_word' id='word_1_170' title='bbox 1138 2343 1257 2382; x_wconf 90' lang='lat' dir='ltr'>non</span> <span class='ocrx_word' id='word_1_171' title='bbox 1303 2327 1600 2399; x_wconf 66' lang='lat' dir='ltr'>morabor,</span> <span class='ocrx_word' id='word_1_172' title='bbox 1659 2328 1757 2382; x_wconf 85' lang='lat' dir='ltr'>sed</span> <span class='ocrx_word' id='word_1_173' title='bbox 1809 2327 2054 2383; x_wconf 85' lang='lat' dir='ltr'>celerius</span> 
     </span>
    </p>
   </div>
   <div class='ocr_carea' id='block_1_26' title="bbox 408 2415 2052 2488">
    <p class='ocr_par' dir='ltr' id='par_1_26' title="bbox 408 2415 2052 2488">
     <span class='ocr_line' id='line_1_26' title="bbox 408 2415 2052 2488; baseline 0.002 -22"><span class='ocrx_word' id='word_1_174' title='bbox 408 2421 590 2484; x_wconf 83' lang='lat' dir='ltr'>quam</span> <span class='ocrx_word' id='word_1_175' title='bbox 617 2417 822 2484; x_wconf 89' lang='lat' dir='ltr'>potero</span> <span class='ocrx_word' id='word_1_176' title='bbox 874 2415 1176 2470; x_wconf 86' lang='lat' dir='ltr'>Franciam</span> <span class='ocrx_word' id='word_1_177' title='bbox 1223 2415 1423 2483; x_wconf 79' lang='lat' dir='ltr'>adibo.</span> <span class='ocrx_word' id='word_1_178' title='bbox 1481 2415 1826 2488; x_wconf 86' lang='lat' dir='ltr'>Ubicunque</span> <span class='ocrx_word' id='word_1_179' title='bbox 1875 2421 2052 2470; x_wconf 88' lang='lat' dir='ltr'>terra-</span> 
     </span>
    </p>
   </div>
   <div class='ocr_carea' id='block_1_27' title="bbox 406 2501 2053 2560">
    <p class='ocr_par' dir='ltr' id='par_1_27' title="bbox 406 2501 2053 2560">
     <span class='ocr_line' id='line_1_27' title="bbox 406 2501 2053 2560; baseline 0.002 -6"><span class='ocrx_word' id='word_1_180' title='bbox 406 2516 538 2554; x_wconf 89' lang='lat' dir='ltr'>rum</span> <span class='ocrx_word' id='word_1_181' title='bbox 566 2501 732 2557; x_wconf 82' lang='lat' dir='ltr'>fuero</span> <span class='ocrx_word' id='word_1_182' title='bbox 751 2507 888 2558; x_wconf 88' lang='lat' dir='ltr'>tuus</span> <span class='ocrx_word' id='word_1_183' title='bbox 919 2504 1148 2558; x_wconf 90' lang='lat' dir='ltr'>amicus</span> <span class='ocrx_word' id='word_1_184' title='bbox 1179 2503 1474 2559; x_wconf 85' lang='lat' dir='ltr'>insolubili</span> <span class='ocrx_word' id='word_1_185' title='bbox 1527 2505 1858 2560; x_wconf 83' lang='lat' dir='ltr'>dilectionis</span> <span class='ocrx_word' id='word_1_186' title='bbox 1917 2519 2053 2559; x_wconf 87' lang='lat' dir='ltr'>con-</span> 
     </span>
    </p>
   </div>
   <div class='ocr_carea' id='block_1_28' title="bbox 401 2589 2052 2664">
    <p class='ocr_par' dir='ltr' id='par_1_28' title="bbox 401 2589 2052 2664">
     <span class='ocr_line' id='line_1_28' title="bbox 401 2589 2052 2664; baseline 0.002 -21"><span class='ocrx_word' id='word_1_187' title='bbox 401 2589 644 2659; x_wconf 90' lang='lat' dir='ltr'>junctus</span> <span class='ocrx_word' id='word_1_188' title='bbox 675 2591 895 2646; x_wconf 71' lang='lat' dir='ltr'>foedere</span> <span class='ocrx_word' id='word_1_189' title='bbox 925 2593 1310 2664; x_wconf 85' lang='lat' dir='ltr'>permanebo.</span> <span class='ocrx_word' id='word_1_190' title='bbox 1339 2616 1364 2640; x_wconf 84' lang='grc'><strong>››</strong></span> <span class='ocrx_word' id='word_1_191' title='bbox 1397 2593 1489 2648; x_wconf 85' lang='lat' dir='ltr'>His</span> <span class='ocrx_word' id='word_1_192' title='bbox 1521 2594 1690 2648; x_wconf 85' lang='lat' dir='ltr'>dictis</span> <span class='ocrx_word' id='word_1_193' title='bbox 1721 2593 2052 2648; x_wconf 87' lang='lat' dir='ltr'>admodum</span> 
     </span>
    </p>
   </div>
   <div class='ocr_carea' id='block_1_29' title="bbox 403 2676 2050 2740">
    <p class='ocr_par' dir='ltr' id='par_1_29' title="bbox 403 2676 2050 2740">
     <span class='ocr_line' id='line_1_29' title="bbox 403 2676 2050 2740; baseline 0.003 -9"><span class='ocrx_word' id='word_1_194' title='bbox 403 2676 878 2734; x_wconf 79' lang='lat' dir='ltr'>inextricabiliter</span> <span class='ocrx_word' id='word_1_195' title='bbox 913 2680 1202 2740; x_wconf 71' lang='lat' dir='ltr'>fmderati.</span> <span class='ocrx_word' id='word_1_196' title='bbox 1247 2681 1608 2736; x_wconf 88' lang='lat' dir='ltr'>alternarum</span> <span class='ocrx_word' id='word_1_197' title='bbox 1641 2698 1837 2736; x_wconf 89' lang='lat' dir='ltr'>rerum</span> <span class='ocrx_word' id='word_1_198' title='bbox 1887 2698 2050 2737; x_wconf 63' lang='lat' dir='ltr'>coma</span> 
     </span>
    </p>
   </div>
   <div class='ocr_carea' id='block_1_30' title="bbox 403 2767 2050 2843">
    <p class='ocr_par' dir='ltr' id='par_1_30' title="bbox 403 2767 2050 2843">
     <span class='ocr_line' id='line_1_30' title="bbox 403 2767 2050 2843; baseline 0.004 -23"><span class='ocrx_word' id='word_1_199' title='bbox 403 2767 674 2838; x_wconf 90' lang='lat' dir='ltr'>petentiis</span> <span class='ocrx_word' id='word_1_200' title='bbox 697 2768 1042 2824; x_wconf 87' lang='lat' dir='ltr'>mirabiliter</span> <span class='ocrx_word' id='word_1_201' title='bbox 1067 2769 1252 2832; x_wconf 88' lang='lat' dir='ltr'>ditati,</span> <span class='ocrx_word' id='word_1_202' title='bbox 1299 2771 1471 2826; x_wconf 88' lang='lat' dir='ltr'>rediit</span> <span class='ocrx_word' id='word_1_203' title='bbox 1498 2771 1753 2843; x_wconf 86' lang='lat' dir='ltr'>quisque</span> <span class='ocrx_word' id='word_1_204' title='bbox 1776 2771 1848 2825; x_wconf 84' lang='lat' dir='ltr'>ad</span> <span class='ocrx_word' id='word_1_205' title='bbox 1879 2787 2050 2826; x_wconf 88' lang='lat' dir='ltr'>suam</span> 
     </span>
    </p>
   </div>
   <div class='ocr_carea' id='block_1_31' title="bbox 403 2857 2050 2931">
    <p class='ocr_par' dir='ltr' id='par_1_31' title="bbox 403 2857 2050 2931">
     <span class='ocr_line' id='line_1_31' title="bbox 403 2857 2050 2931; baseline 0.003 -22"><span class='ocrx_word' id='word_1_206' title='bbox 403 2871 541 2910; x_wconf 91' lang='lat' dir='ltr'>cum</span> <span class='ocrx_word' id='word_1_207' title='bbox 571 2857 717 2912; x_wconf 87' lang='lat' dir='ltr'>suis.</span> <span class='ocrx_word' id='word_1_208' title='bbox 747 2860 888 2912; x_wconf 91' lang='lat' dir='ltr'>Toto</span> <span class='ocrx_word' id='word_1_209' title='bbox 913 2874 1178 2930; x_wconf 88' lang='lat' dir='ltr'>namque</span> <span class='ocrx_word' id='word_1_210' title='bbox 1210 2859 1548 2930; x_wconf 86' lang='lat' dir='ltr'>hyemantis</span> <span class='ocrx_word' id='word_1_211' title='bbox 1591 2859 1732 2914; x_wconf 88' lang='lat' dir='ltr'>anni</span> <span class='ocrx_word' id='word_1_212' title='bbox 1763 2865 2050 2931; x_wconf 89' lang='lat' dir='ltr'>tempore,</span> 
     </span>
    </p>
   </div>
   <div class='ocr_carea' id='block_1_32' title="bbox 401 2945 2049 3018">
    <p class='ocr_par' dir='ltr' id='par_1_32' title="bbox 401 2945 2049 3018">
     <span class='ocr_line' id='line_1_32' title="bbox 401 2945 2049 3018; baseline 0.003 -21"><span class='ocrx_word' id='word_1_213' title='bbox 401 2958 584 2998; x_wconf 82' lang='lat' dir='ltr'>naves</span> <span class='ocrx_word' id='word_1_214' title='bbox 631 2950 1048 3017; x_wconf 89' lang='lat' dir='ltr'>sumptusque,</span> <span class='ocrx_word' id='word_1_215' title='bbox 1100 2945 1206 3018; x_wconf 88' lang='lat' dir='ltr'>qui</span> <span class='ocrx_word' id='word_1_216' title='bbox 1262 2947 1580 3001; x_wconf 85' lang='lat' dir='ltr'>necessarii</span> <span class='ocrx_word' id='word_1_217' title='bbox 1630 2953 1799 3003; x_wconf 87' lang='lat' dir='ltr'>erant</span> <span class='ocrx_word' id='word_1_218' title='bbox 1840 2948 2049 3010; x_wconf 86' lang='lat' dir='ltr'>itineri,</span> 
     </span>
    </p>
   </div>
   <div class='ocr_carea' id='block_1_33' title="bbox 403 3032 2053 3104">
    <p class='ocr_par' dir='ltr' id='par_1_33' title="bbox 403 3032 2053 3104">
     <span class='ocr_line' id='line_1_33' title="bbox 403 3032 2053 3104; baseline 0.003 -20"><span class='ocrx_word' id='word_1_219' title='bbox 403 3039 741 3101; x_wconf 70' lang='lat' dir='ltr'>praeparare</span> <span class='ocrx_word' id='word_1_220' title='bbox 772 3032 936 3087; x_wconf 82' lang='lat' dir='ltr'>Rollo</span> <span class='ocrx_word' id='word_1_221' title='bbox 962 3032 1086 3088; x_wconf 81' lang='lat' dir='ltr'>dux</span> <span class='ocrx_word' id='word_1_222' title='bbox 1129 3033 1358 3088; x_wconf 86' lang='lat' dir='ltr'>solertis</span> <span class='ocrx_word' id='word_1_223' title='bbox 1415 3049 1570 3088; x_wconf 66' lang='lat' dir='ltr'>cura:</span> <span class='ocrx_word' id='word_1_224' title='bbox 1602 3035 1754 3103; x_wconf 86' lang='lat' dir='ltr'>fecit,</span> <span class='ocrx_word' id='word_1_225' title='bbox 1810 3035 2053 3104; x_wconf 82' lang='lat' dir='ltr'>Anglos-</span> 
     </span>
    </p>
   </div>
   <div class='ocr_carea' id='block_1_34' title="bbox 403 3119 2050 3194">
    <p class='ocr_par' dir='ltr' id='par_1_34' title="bbox 403 3119 2050 3194">
     <span class='ocr_line' id='line_1_34' title="bbox 403 3119 2050 3194; baseline 0.004 -23"><span class='ocrx_word' id='word_1_226' title='bbox 403 3133 520 3190; x_wconf 91' lang='lat' dir='ltr'>que</span> <span class='ocrx_word' id='word_1_227' title='bbox 550 3119 812 3174; x_wconf 79' lang='lat' dir='ltr'>threntis</span> <span class='ocrx_word' id='word_1_228' title='bbox 836 3120 1162 3190; x_wconf 89' lang='lat' dir='ltr'>juventutis</span> <span class='ocrx_word' id='word_1_229' title='bbox 1184 3121 1417 3190; x_wconf 83' lang='lat' dir='ltr'>milites,</span> <span class='ocrx_word' id='word_1_230' title='bbox 1438 3124 1544 3194; x_wconf 89' lang='lat' dir='ltr'>qui</span> <span class='ocrx_word' id='word_1_231' title='bbox 1562 3128 1731 3178; x_wconf 87' lang='lat' dir='ltr'>erant</span> <span class='ocrx_word' id='word_1_232' title='bbox 1761 3124 1851 3178; x_wconf 88' lang='lat' dir='ltr'>sui</span> <span class='ocrx_word' id='word_1_233' title='bbox 1879 3126 2050 3178; x_wconf 82' lang='lat' dir='ltr'>etl&#39;ec-</span> 
     </span>
    </p>
   </div>
   <div class='ocr_carea' id='block_1_35' title="bbox 402 3205 2052 3283">
    <p class='ocr_par' dir='ltr' id='par_1_35' title="bbox 402 3205 2052 3283">
     <span class='ocr_line' id='line_1_35' title="bbox 402 3205 2052 3283; baseline 0.004 -23"><span class='ocrx_word' id='word_1_234' title='bbox 402 3205 464 3273; x_wconf 80' lang='lat' dir='ltr'>ti,</span> <span class='ocrx_word' id='word_1_235' title='bbox 491 3210 548 3261; x_wconf 89' lang='lat' dir='ltr'>et</span> <span class='ocrx_word' id='word_1_236' title='bbox 567 3222 770 3262; x_wconf 88' lang='lat' dir='ltr'>secum</span> <span class='ocrx_word' id='word_1_237' title='bbox 803 3207 938 3263; x_wconf 90' lang='lat' dir='ltr'>ituri</span> <span class='ocrx_word' id='word_1_238' title='bbox 964 3208 1188 3264; x_wconf 88' lang='lat' dir='ltr'>ascivit.</span> <span class='ocrx_word' id='word_1_239' title='bbox 1247 3213 1393 3266; x_wconf 85' lang='lat' dir='ltr'>Cum</span> <span class='ocrx_word' id='word_1_240' title='bbox 1421 3216 1618 3265; x_wconf 85' lang='lat' dir='ltr'>autem</span> <span class='ocrx_word' id='word_1_241' title='bbox 1650 3213 1856 3283; x_wconf 67' lang='lat' dir='ltr'>primm</span> <span class='ocrx_word' id='word_1_242' title='bbox 1885 3218 2052 3268; x_wconf 66' lang='lat' dir='ltr'>testa-</span> 
     </span>
    </p>
   </div>
   <div class='ocr_carea' id='block_1_36' title="bbox 403 3291 2053 3366">
    <p class='ocr_par' dir='ltr' id='par_1_36' title="bbox 403 3291 2053 3366">
     <span class='ocr_line' id='line_1_36' title="bbox 403 3291 2053 3366; baseline 0.006 -19"><span class='ocrx_word' id='word_1_243' title='bbox 403 3291 474 3347; x_wconf 88' lang='lat' dir='ltr'>tis</span> <span class='ocrx_word' id='word_1_244' title='bbox 505 3297 792 3366; x_wconf 81' lang='lat' dir='ltr'>tempore,</span> <span class='ocrx_word' id='word_1_245' title='bbox 824 3295 1192 3352; x_wconf 86' lang='lat' dir='ltr'>rutilantium</span> <span class='ocrx_word' id='word_1_246' title='bbox 1223 3297 1474 3354; x_wconf 88' lang='lat' dir='ltr'>molliter</span> <span class='ocrx_word' id='word_1_247' title='bbox 1510 3297 1728 3354; x_wconf 89' lang='lat' dir='ltr'>ﬂorum</span> <span class='ocrx_word' id='word_1_248' title='bbox 1771 3301 2053 3356; x_wconf 85' lang='lat' dir='ltr'>arrideret</span> 
     </span>
    </p>
   </div>
   <div class='ocr_carea' id='block_1_37' title="bbox 402 3381 2051 3457">
    <p class='ocr_par' dir='ltr' id='par_1_37' title="bbox 402 3381 2051 3457">
     <span class='ocr_line' id='line_1_37' title="bbox 402 3381 2051 3457; baseline 0.005 -21"><span class='ocrx_word' id='word_1_249' title='bbox 402 3381 596 3453; x_wconf 89' lang='lat' dir='ltr'>copia,</span> <span class='ocrx_word' id='word_1_250' title='bbox 619 3385 1053 3457; x_wconf 87' lang='lat' dir='ltr'>purpureisque</span> <span class='ocrx_word' id='word_1_251' title='bbox 1105 3385 1302 3441; x_wconf 88' lang='lat' dir='ltr'>blattis</span> <span class='ocrx_word' id='word_1_252' title='bbox 1333 3387 1520 3442; x_wconf 88' lang='lat' dir='ltr'>lactea</span> <span class='ocrx_word' id='word_1_253' title='bbox 1545 3393 1602 3442; x_wconf 91' lang='lat' dir='ltr'>et</span> <span class='ocrx_word' id='word_1_254' title='bbox 1627 3388 1925 3444; x_wconf 81' lang='lat' dir='ltr'>odorifera</span> <span class='ocrx_word' id='word_1_255' title='bbox 1967 3390 2051 3446; x_wconf 90' lang='lat' dir='ltr'>al-</span> 
     </span>
    </p>
   </div>
   <div class='ocr_carea' id='block_1_38' title="bbox 401 3468 2049 3546">
    <p class='ocr_par' dir='ltr' id='par_1_38' title="bbox 401 3468 2049 3546">
     <span class='ocr_line' id='line_1_38' title="bbox 401 3468 2049 3546; baseline 0.005 -22"><span class='ocrx_word' id='word_1_256' title='bbox 401 3468 610 3525; x_wconf 82' lang='lat' dir='ltr'>berent</span> <span class='ocrx_word' id='word_1_257' title='bbox 637 3470 776 3537; x_wconf 89' lang='lat' dir='ltr'>lilia,</span> <span class='ocrx_word' id='word_1_258' title='bbox 810 3488 1042 3528; x_wconf 89' lang='lat' dir='ltr'>memor</span> <span class='ocrx_word' id='word_1_259' title='bbox 1081 3489 1320 3546; x_wconf 89' lang='lat' dir='ltr'>semper</span> <span class='ocrx_word' id='word_1_260' title='bbox 1354 3475 1596 3530; x_wconf 87' lang='lat' dir='ltr'>visionis</span> <span class='ocrx_word' id='word_1_261' title='bbox 1627 3479 1922 3532; x_wconf 85' lang='lat' dir='ltr'>monentis</span> <span class='ocrx_word' id='word_1_262' title='bbox 1973 3478 2049 3534; x_wconf 88' lang='lat' dir='ltr'>ad</span> 
     </span>
    </p>
   </div>
   <div class='ocr_carea' id='block_1_39' title="bbox 403 3559 2050 3634">
    <p class='ocr_par' dir='ltr' id='par_1_39' title="bbox 403 3559 2050 3634">
     <span class='ocr_line' id='line_1_39' title="bbox 403 3559 2050 3634; baseline 0.006 -22"><span class='ocrx_word' id='word_1_263' title='bbox 403 3559 710 3615; x_wconf 88' lang='lat' dir='ltr'>Franciam</span> <span class='ocrx_word' id='word_1_264' title='bbox 753 3561 1066 3634; x_wconf 81' lang='lat' dir='ltr'>proﬁcisci,</span> <span class='ocrx_word' id='word_1_265' title='bbox 1100 3562 1393 3618; x_wconf 87' lang='lat' dir='ltr'>classibus</span> <span class='ocrx_word' id='word_1_266' title='bbox 1430 3563 1576 3619; x_wconf 85' lang='lat' dir='ltr'>velis</span> <span class='ocrx_word' id='word_1_267' title='bbox 1623 3565 1778 3621; x_wconf 84' lang='lat' dir='ltr'>datis</span> <span class='ocrx_word' id='word_1_268' title='bbox 1833 3583 2050 3622; x_wconf 88' lang='lat' dir='ltr'>navem</span> 
     </span>
    </p>
   </div>
   <div class='ocr_carea' id='block_1_40' title="bbox 401 3647 2052 3723">
    <p class='ocr_par' dir='ltr' id='par_1_40' title="bbox 401 3647 2052 3723">
     <span class='ocr_line' id='line_1_40' title="bbox 401 3647 2052 3723; baseline 0.006 -22"><span class='ocrx_word' id='word_1_269' title='bbox 401 3647 766 3704; x_wconf 86' lang='lat' dir='ltr'>conscendit.</span> <span class='ocrx_word' id='word_1_270' title='bbox 799 3652 947 3706; x_wconf 79' lang='lat' dir='ltr'>Cum</span> <span class='ocrx_word' id='word_1_271' title='bbox 975 3666 1116 3706; x_wconf 91' lang='lat' dir='ltr'>vero</span> <span class='ocrx_word' id='word_1_272' title='bbox 1169 3651 1406 3707; x_wconf 90' lang='lat' dir='ltr'>lenibus</span> <span class='ocrx_word' id='word_1_273' title='bbox 1454 3653 1644 3708; x_wconf 84' lang='lat' dir='ltr'>ventis</span> <span class='ocrx_word' id='word_1_274' title='bbox 1698 3670 2052 3723; x_wconf 85' lang='lat' dir='ltr'>congressus</span> 
     </span>
    </p>
   </div>
   <div class='ocr_carea' id='block_1_41' title="bbox 399 3735 2048 3815">
    <p class='ocr_par' dir='ltr' id='par_1_41' title="bbox 399 3735 2048 3815">
     <span class='ocr_line' id='line_1_41' title="bbox 399 3735 2048 3815; baseline 0.006 -26"><span class='ocrx_word' id='word_1_275' title='bbox 399 3735 622 3804; x_wconf 82' lang='lat' dir='ltr'>navigii</span> <span class='ocrx_word' id='word_1_276' title='bbox 649 3736 840 3793; x_wconf 89' lang='lat' dir='ltr'>factu</span> <span class='ocrx_word' id='word_1_277' title='bbox 871 3743 1042 3806; x_wconf 88' lang='lat' dir='ltr'>esset,</span> <span class='ocrx_word' id='word_1_278' title='bbox 1093 3755 1282 3811; x_wconf 88' lang='lat' dir='ltr'>usque</span> <span class='ocrx_word' id='word_1_279' title='bbox 1321 3743 1394 3796; x_wconf 90' lang='lat' dir='ltr'>ad</span> <span class='ocrx_word' id='word_1_280' title='bbox 1453 3742 1721 3797; x_wconf 89' lang='lat' dir='ltr'>medium</span> <span class='ocrx_word' id='word_1_281' title='bbox 1765 3743 2048 3815; x_wconf 65' lang='lat' dir='ltr'>aequoris,</span> 
     </span>
    </p>
   </div>
   <div class='ocr_carea' id='block_1_42' title="bbox 400 3823 2052 3905">
    <p class='ocr_par' dir='ltr' id='par_1_42' title="bbox 400 3823 2052 3905">
     <span class='ocr_line' id='line_1_42' title="bbox 400 3823 2052 3905; baseline 0.006 -27"><span class='ocrx_word' id='word_1_282' title='bbox 400 3823 666 3896; x_wconf 89' lang='lat' dir='ltr'>nihilque</span> <span class='ocrx_word' id='word_1_283' title='bbox 697 3826 966 3882; x_wconf 86' lang='lat' dir='ltr'>viderent</span> <span class='ocrx_word' id='word_1_284' title='bbox 1007 3827 1124 3882; x_wconf 90' lang='lat' dir='ltr'>nisi</span> <span class='ocrx_word' id='word_1_285' title='bbox 1177 3829 1394 3885; x_wconf 72' lang='lat' dir='ltr'>malum</span> <span class='ocrx_word' id='word_1_286' title='bbox 1435 3831 1819 3902; x_wconf 82' lang='lat' dir='ltr'>complexum</span> <span class='ocrx_word' id='word_1_287' title='bbox 1873 3849 2052 3905; x_wconf 89' lang='lat' dir='ltr'>super</span> 
     </span>
    </p>
   </div>
   <div class='ocr_carea' id='block_1_43' title="bbox 402 3910 2049 3993">
    <p class='ocr_par' dir='ltr' id='par_1_43' title="bbox 402 3910 2049 3993">
     <span class='ocr_line' id='line_1_43' title="bbox 402 3910 2049 3993; baseline 0.007 -28"><span class='ocrx_word' id='word_1_288' title='bbox 402 3910 616 3966; x_wconf 80' lang='lat' dir='ltr'>faciem</span> <span class='ocrx_word' id='word_1_289' title='bbox 644 3913 847 3979; x_wconf 85' lang='lat' dir='ltr'>maris,</span> <span class='ocrx_word' id='word_1_290' title='bbox 876 3913 1062 3970; x_wconf 85' lang='lat' dir='ltr'>invidi</span> <span class='ocrx_word' id='word_1_291' title='bbox 1101 3916 1340 3988; x_wconf 86' lang='lat' dir='ltr'>spiritus</span> <span class='ocrx_word' id='word_1_292' title='bbox 1372 3918 1622 3974; x_wconf 88' lang='lat' dir='ltr'>scientes</span> <span class='ocrx_word' id='word_1_293' title='bbox 1649 3919 1781 3974; x_wconf 83' lang='lat' dir='ltr'>illo‘s</span> <span class='ocrx_word' id='word_1_294' title='bbox 1824 3920 2049 3993; x_wconf 51' lang='lat' dir='ltr'>baptis.</span> 
     </span>
    </p>
   </div>
   <div class='ocr_carea' id='block_1_44' title="bbox 399 3999 2048 4080">
    <p class='ocr_par' dir='ltr' id='par_1_44' title="bbox 399 3999 2048 4080">
     <span class='ocr_line' id='line_1_44' title="bbox 399 3999 2048 4080; baseline 0.007 -28"><span class='ocrx_word' id='word_1_295' title='bbox 399 4002 564 4053; x_wconf 78' lang='lat' dir='ltr'>mata</span> <span class='ocrx_word' id='word_1_296' title='bbox 594 3999 808 4055; x_wconf 81' lang='lat' dir='ltr'>Christi</span> <span class='ocrx_word' id='word_1_297' title='bbox 834 4001 1077 4056; x_wconf 88' lang='lat' dir='ltr'>nomine</span> <span class='ocrx_word' id='word_1_298' title='bbox 1097 4002 1450 4074; x_wconf 89' lang='lat' dir='ltr'>abluendos,</span> <span class='ocrx_word' id='word_1_299' title='bbox 1472 4005 1842 4078; x_wconf 86' lang='lat' dir='ltr'>gloriamque</span> <span class='ocrx_word' id='word_1_300' title='bbox 1862 4025 2048 4080; x_wconf 90' lang='lat' dir='ltr'>quam</span> 
     </span>
    </p>
   </div>
   <div class='ocr_carea' id='block_1_45' title="bbox 404 4084 2051 4162">
    <p class='ocr_par' dir='ltr' id='par_1_45' title="bbox 404 4084 2051 4162">
     <span class='ocr_line' id='line_1_45' title="bbox 404 4084 2051 4162; baseline 0.007 -23"><span class='ocrx_word' id='word_1_301' title='bbox 404 4084 788 4156; x_wconf 85' lang='lat' dir='ltr'>perdiderant</span> <span class='ocrx_word' id='word_1_302' title='bbox 817 4087 1139 4160; x_wconf 78' lang='lat' dir='ltr'>adepturus</span> <span class='ocrx_word' id='word_1_303' title='bbox 1167 4090 1644 4162; x_wconf 88' lang='lat' dir='ltr'>ingemiscentes,</span> <span class='ocrx_word' id='word_1_304' title='bbox 1667 4101 2051 4152; x_wconf 88' lang='lat' dir='ltr'>occurrerunt</span> 
     </span>
    </p>
   </div>
   <div class='ocr_carea' id='block_1_46' title="bbox 403 4173 2048 4252">
    <p class='ocr_par' dir='ltr' id='par_1_46' title="bbox 403 4173 2048 4252">
     <span class='ocr_line' id='line_1_46' title="bbox 403 4173 2048 4252; baseline 0.007 -24"><span class='ocrx_word' id='word_1_305' title='bbox 403 4173 724 4230; x_wconf 80' lang='lat' dir='ltr'>excitantes</span> <span class='ocrx_word' id='word_1_306' title='bbox 753 4174 1016 4247; x_wconf 91' lang='lat' dir='ltr'>periculo</span> <span class='ocrx_word' id='word_1_307' title='bbox 1040 4177 1150 4232; x_wconf 90' lang='lat' dir='ltr'>illis</span> <span class='ocrx_word' id='word_1_308' title='bbox 1171 4179 1506 4252; x_wconf 87' lang='lat' dir='ltr'>venti,quin</span> <span class='ocrx_word' id='word_1_309' title='bbox 1535 4181 1710 4237; x_wconf 91' lang='lat' dir='ltr'>etiam</span> <span class='ocrx_word' id='word_1_310' title='bbox 1741 4199 1779 4238; x_wconf 87' lang='lat' dir='ltr'>a</span> <span class='ocrx_word' id='word_1_311' title='bbox 1808 4184 2048 4240; x_wconf 84' lang='lat' dir='ltr'>sedibus</span> 
     </span>
    </p>
   </div>
   <div class='ocr_carea' id='block_1_47' title="bbox 404 4261 2048 4340">
    <p class='ocr_par' dir='ltr' id='par_1_47' title="bbox 404 4261 2048 4340">
     <span class='ocr_line' id='line_1_47' title="bbox 404 4261 2048 4340; baseline 0.008 -25"><span class='ocrx_word' id='word_1_312' title='bbox 404 4261 529 4316; x_wconf 89' lang='lat' dir='ltr'>suis</span> <span class='ocrx_word' id='word_1_313' title='bbox 559 4267 762 4334; x_wconf 84' lang='lat' dir='ltr'>ruunt,</span> <span class='ocrx_word' id='word_1_314' title='bbox 807 4267 864 4319; x_wconf 88' lang='lat' dir='ltr'>et</span> <span class='ocrx_word' id='word_1_315' title='bbox 891 4264 951 4319; x_wconf 92' lang='lat' dir='ltr'>hi</span> <span class='ocrx_word' id='word_1_316' title='bbox 999 4270 1134 4322; x_wconf 91' lang='lat' dir='ltr'>ante</span> <span class='ocrx_word' id='word_1_317' title='bbox 1188 4273 1374 4340; x_wconf 91' lang='lat' dir='ltr'>ponto</span> <span class='ocrx_word' id='word_1_318' title='bbox 1438 4285 1475 4325; x_wconf 90' lang='lat' dir='ltr'>a</span> <span class='ocrx_word' id='word_1_319' title='bbox 1527 4271 1771 4326; x_wconf 88' lang='lat' dir='ltr'>sedibus</span> <span class='ocrx_word' id='word_1_320' title='bbox 1812 4271 1946 4328; x_wconf 89' lang='lat' dir='ltr'>imis</span> <span class='ocrx_word' id='word_1_321' title='bbox 1987 4273 2048 4328; x_wconf 90' lang='lat' dir='ltr'>in</span> 
     </span>
    </p>
   </div>
   <div class='ocr_carea' id='block_1_48' title="bbox 402 4351 2044 4426">
    <p class='ocr_par' dir='ltr' id='par_1_48' title="bbox 402 4351 2044 4426">
     <span class='ocr_line' id='line_1_48' title="bbox 402 4351 2044 4426; baseline 0.008 -19"><span class='ocrx_word' id='word_1_322' title='bbox 402 4351 794 4426; x_wconf 69' lang='lat' dir='ltr'>praecipitium</span> <span class='ocrx_word' id='word_1_323' title='bbox 852 4354 1068 4411; x_wconf 89' lang='lat' dir='ltr'>ﬂuctus</span> <span class='ocrx_word' id='word_1_324' title='bbox 1105 4357 1323 4413; x_wconf 89' lang='lat' dir='ltr'>nimios</span> <span class='ocrx_word' id='word_1_325' title='bbox 1353 4363 1410 4414; x_wconf 90' lang='lat' dir='ltr'>et</span> <span class='ocrx_word' id='word_1_326' title='bbox 1439 4359 1517 4415; x_wconf 89' lang='lat' dir='ltr'>ad</span> <span class='ocrx_word' id='word_1_327' title='bbox 1575 4361 1770 4418; x_wconf 85' lang='lat' dir='ltr'>sidera</span> <span class='ocrx_word' id='word_1_328' title='bbox 1815 4363 2044 4420; x_wconf 92' lang='lat' dir='ltr'>tollunt.</span> 
     </span>
    </p>
   </div>
   <div class='ocr_carea' id='block_1_49' title="bbox 402 4439 2047 4521">
    <p class='ocr_par' dir='ltr' id='par_1_49' title="bbox 402 4439 2047 4521">
     <span class='ocr_line' id='line_1_49' title="bbox 402 4439 2047 4521; baseline 0.009 -27"><span class='ocrx_word' id='word_1_329' title='bbox 402 4439 629 4496; x_wconf 68' lang='lat' dir='ltr'>leum</span> <span class='ocrx_word' id='word_1_330' title='bbox 679 4441 1186 4500; x_wconf 86' lang='lat' dir='ltr'>crebrescentibus</span> <span class='ocrx_word' id='word_1_331' title='bbox 1233 4446 1568 4516; x_wconf 85' lang='lat' dir='ltr'>fulguribus</span> <span class='ocrx_word' id='word_1_332' title='bbox 1598 4449 1872 4521; x_wconf 70' lang='lat' dir='ltr'>intonuit,</span> <span class='ocrx_word' id='word_1_333' title='bbox 1899 4453 2047 4508; x_wconf 89' lang='lat' dir='ltr'>den-</span> 
     </span>
    </p>
   </div>
   <div class='ocr_carea' id='block_1_50' title="bbox 401 4531 2043 4602">
    <p class='ocr_par' dir='ltr' id='par_1_50' title="bbox 401 4531 2043 4602">
     <span class='ocr_line' id='line_1_50' title="bbox 401 4531 2043 4602; baseline 0.009 -19"><span class='ocrx_word' id='word_1_334' title='bbox 401 4542 723 4602; x_wconf 85' lang='lat' dir='ltr'>sarumque</span> <span class='ocrx_word' id='word_1_335' title='bbox 784 4531 1165 4589; x_wconf 86' lang='lat' dir='ltr'>tenebrarum</span> <span class='ocrx_word' id='word_1_336' title='bbox 1223 4551 1343 4591; x_wconf 76' lang='lat' dir='ltr'>nox</span> <span class='ocrx_word' id='word_1_337' title='bbox 1416 4540 1545 4592; x_wconf 88' lang='lat' dir='ltr'>atra</span> <span class='ocrx_word' id='word_1_338' title='bbox 1599 4537 1711 4594; x_wconf 88' lang='lat' dir='ltr'>illis</span> <span class='ocrx_word' id='word_1_339' title='bbox 1756 4539 2043 4597; x_wconf 74' lang='lat' dir='ltr'>incubuit.</span> 
     </span>
    </p>
   </div>
   <div class='ocr_carea' id='block_1_51' title="bbox 401 4617 2048 4688">
    <p class='ocr_par' dir='ltr' id='par_1_51' title="bbox 401 4617 2048 4688">
     <span class='ocr_line' id='line_1_51' title="bbox 401 4617 2048 4688; baseline 0.007 -16"><span class='ocrx_word' id='word_1_340' title='bbox 401 4617 598 4673; x_wconf 80' lang='lat' dir='ltr'>Remis</span> <span class='ocrx_word' id='word_1_341' title='bbox 653 4619 989 4688; x_wconf 73' lang='lat' dir='ltr'>contractis,</span> <span class='ocrx_word' id='word_1_342' title='bbox 1039 4628 1352 4680; x_wconf 87' lang='lat' dir='ltr'>ventorum</span> <span class='ocrx_word' id='word_1_343' title='bbox 1424 4625 1651 4682; x_wconf 83' lang='lat' dir='ltr'>rabiem</span> <span class='ocrx_word' id='word_1_344' title='bbox 1702 4627 1835 4684; x_wconf 76' lang='lat' dir='ltr'>vela</span> <span class='ocrx_word' id='word_1_345' title='bbox 1899 4628 2048 4684; x_wconf 88' lang='lat' dir='ltr'>ferre</span> 
     </span>
    </p>
   </div>
   <div class='ocr_carea' id='block_1_52' title="bbox 400 4711 2048 4783">
    <p class='ocr_par' dir='ltr' id='par_1_52' title="bbox 400 4711 2048 4783">
     <span class='ocr_line' id='line_1_52' title="bbox 400 4711 2048 4783; baseline 0.008 -22"><span class='ocrx_word' id='word_1_346' title='bbox 400 4719 522 4762; x_wconf 90' lang='lat' dir='ltr'>non</span> <span class='ocrx_word' id='word_1_347' title='bbox 551 4713 822 4780; x_wconf 86' lang='lat' dir='ltr'>possunt.</span> <span class='ocrx_word' id='word_1_348' title='bbox 863 4714 1067 4783; x_wconf 90' lang='lat' dir='ltr'>Itaque</span> <span class='ocrx_word' id='word_1_349' title='bbox 1101 4711 1324 4768; x_wconf 86' lang='lat' dir='ltr'>viribus</span> <span class='ocrx_word' id='word_1_350' title='bbox 1353 4713 1643 4780; x_wconf 75' lang='lat' dir='ltr'>exhausti,</span> <span class='ocrx_word' id='word_1_351' title='bbox 1677 4716 1880 4773; x_wconf 82' lang='lat' dir='ltr'>omnia</span> <span class='ocrx_word' id='word_1_352' title='bbox 1903 4734 2048 4773; x_wconf 87' lang='lat' dir='ltr'>ven-</span> 
     </span>
    </p>
   </div>
   <div class='ocr_carea' id='block_1_53' title="bbox 402 4792 2046 4875">
    <p class='ocr_par' dir='ltr' id='par_1_53' title="bbox 402 4792 2046 4875">
     <span class='ocr_line' id='line_1_53' title="bbox 402 4792 2046 4875; baseline 0.009 -28"><span class='ocrx_word' id='word_1_353' title='bbox 402 4792 472 4848; x_wconf 87' lang='lat' dir='ltr'>tis</span> <span class='ocrx_word' id='word_1_354' title='bbox 494 4795 862 4866; x_wconf 87' lang='lat' dir='ltr'>permittunt.</span> <span class='ocrx_word' id='word_1_355' title='bbox 893 4797 1018 4852; x_wconf 89' lang='lat' dir='ltr'>Huc</span> <span class='ocrx_word' id='word_1_356' title='bbox 1047 4797 1302 4871; x_wconf 89' lang='lat' dir='ltr'>illucque</span> <span class='ocrx_word' id='word_1_357' title='bbox 1331 4815 1518 4856; x_wconf 88' lang='lat' dir='ltr'>naves</span> <span class='ocrx_word' id='word_1_358' title='bbox 1535 4803 1712 4872; x_wconf 85' lang='lat' dir='ltr'>quasi</span> <span class='ocrx_word' id='word_1_359' title='bbox 1739 4819 1846 4875; x_wconf 86' lang='lat' dir='ltr'>per</span> <span class='ocrx_word' id='word_1_360' title='bbox 1873 4815 2046 4861; x_wconf 61' lang='lat' dir='ltr'>mon:-</span> 
     </span>
    </p>
   </div>
   <div class='ocr_carea' id='block_1_54' title="bbox 400 4883 2046 4964">
    <p class='ocr_par' dir='ltr' id='par_1_54' title="bbox 400 4883 2046 4964">
     <span class='ocr_line' id='line_1_54' title="bbox 400 4883 2046 4964; baseline 0.009 -29"><span class='ocrx_word' id='word_1_361' title='bbox 400 4884 486 4936; x_wconf 85' lang='lat' dir='ltr'>tes</span> <span class='ocrx_word' id='word_1_362' title='bbox 541 4887 598 4939; x_wconf 85' lang='lat' dir='ltr'>et</span> <span class='ocrx_word' id='word_1_363' title='bbox 641 4883 823 4940; x_wconf 85' lang='lat' dir='ltr'>valles</span> <span class='ocrx_word' id='word_1_364' title='bbox 872 4884 1182 4958; x_wconf 71' lang='lat' dir='ltr'>ﬂuctuant,</span> <span class='ocrx_word' id='word_1_365' title='bbox 1251 4892 1625 4961; x_wconf 87' lang='lat' dir='ltr'>mortemque</span> <span class='ocrx_word' id='word_1_366' title='bbox 1675 4894 2046 4964; x_wconf 86' lang='lat' dir='ltr'>repentinam</span> 
     </span>
    </p>
   </div>
   <div class='ocr_carea' id='block_1_55' title="bbox 399 4970 2045 5048">
    <p class='ocr_par' dir='ltr' id='par_1_55' title="bbox 399 4970 2045 5048">
     <span class='ocr_line' id='line_1_55' title="bbox 399 4970 2045 5048; baseline 0.009 -23"><span class='ocrx_word' id='word_1_367' title='bbox 399 4970 680 5028; x_wconf 84' lang='lat' dir='ltr'>omnibus</span> <span class='ocrx_word' id='word_1_368' title='bbox 709 4974 1020 5030; x_wconf 71' lang='lat' dir='ltr'>intentant.</span> <span class='ocrx_word' id='word_1_369' title='bbox 1049 4977 1208 5031; x_wconf 90' lang='lat' dir='ltr'>Tunc</span> <span class='ocrx_word' id='word_1_370' title='bbox 1239 4975 1404 5032; x_wconf 80' lang='lat' dir='ltr'>Bello</span> <span class='ocrx_word' id='word_1_371' title='bbox 1443 4980 1738 5048; x_wconf 90' lang='lat' dir='ltr'>protensis</span> <span class='ocrx_word' id='word_1_372' title='bbox 1763 4982 2045 5038; x_wconf 87' lang='lat' dir='ltr'>manibus</span> 
     </span>
    </p>
   </div>
   <div class='ocr_carea' id='block_1_56' title="bbox 401 5061 2048 5143">
    <p class='ocr_par' dir='ltr' id='par_1_56' title="bbox 401 5061 2048 5143">
     <span class='ocr_line' id='line_1_56' title="bbox 401 5061 2048 5143; baseline 0.008 -28"><span class='ocrx_word' id='word_1_373' title='bbox 401 5064 730 5130; x_wconf 84' lang='lat' dir='ltr'>prostratus</span> <span class='ocrx_word' id='word_1_374' title='bbox 757 5061 1028 5118; x_wconf 87' lang='lat' dir='ltr'>incubuit</span> <span class='ocrx_word' id='word_1_375' title='bbox 1045 5063 1204 5132; x_wconf 77' lang='lat' dir='ltr'>navi,</span> <span class='ocrx_word' id='word_1_376' title='bbox 1229 5063 1564 5138; x_wconf 87' lang='lat' dir='ltr'>humilique</span> <span class='ocrx_word' id='word_1_377' title='bbox 1583 5077 1728 5124; x_wconf 74' lang='lat' dir='ltr'>vace</span> <span class='ocrx_word' id='word_1_378' title='bbox 1759 5069 1897 5126; x_wconf 87' lang='lat' dir='ltr'>talia</span> <span class='ocrx_word' id='word_1_379' title='bbox 1915 5086 2048 5143; x_wconf 88' lang='lat' dir='ltr'>pro-</span> 
     </span>
    </p>
   </div>
   <div class='ocr_carea' id='block_1_57' title="bbox 399 5144 596 5204">
    <p class='ocr_par' dir='ltr' id='par_1_57' title="bbox 399 5144 596 5204">
     <span class='ocr_line' id='line_1_57' title="bbox 399 5144 596 5204; baseline 0.015 -3"><span class='ocrx_word' id='word_1_380' title='bbox 399 5144 596 5204; x_wconf 78' lang='lat' dir='ltr'>fudit:</span> 
     </span>
    </p>
   </div>
   <div class='ocr_carea' id='block_1_58' title="bbox 955 5254 1486 5298">
    <p class='ocr_par' dir='ltr' id='par_1_58' title="bbox 955 5254 1486 5298">
     <span class='ocr_line' id='line_1_58' title="bbox 955 5254 1486 5298; baseline 0.009 -5"><span class='ocrx_word' id='word_1_381' title='bbox 955 5254 1158 5296; x_wconf 73' lang='lat' dir='ltr'>ORATIO</span> <span class='ocrx_word' id='word_1_382' title='bbox 1197 5257 1486 5298; x_wconf 72' lang='lat' dir='ltr'>ROLLONIS.</span> 
     </span>
    </p>
   </div>
   <div class='ocr_carea' id='block_1_59' title="bbox 403 5321 1936 5406">
    <p class='ocr_par' dir='ltr' id='par_1_59' title="bbox 403 5321 1936 5406">
     <span class='ocr_line' id='line_1_59' title="bbox 403 5321 1936 5406; baseline 0.008 -30"><span class='ocrx_word' id='word_1_383' title='bbox 403 5323 446 5376; x_wconf 89' lang='grc' dir='ltr'>Ο</span> <span class='ocrx_word' id='word_1_384' title='bbox 473 5321 627 5376; x_wconf 88' lang='lat' dir='ltr'>Deus</span> <span class='ocrx_word' id='word_1_385' title='bbox 651 5323 1048 5395; x_wconf 89' lang='lat' dir='ltr'>omnipotens,</span> <span class='ocrx_word' id='word_1_386' title='bbox 1075 5329 1336 5386; x_wconf 71' lang='lat' dir='ltr'>coelestia</span> <span class='ocrx_word' id='word_1_387' title='bbox 1360 5330 1585 5388; x_wconf 87' lang='lat' dir='ltr'>lumine</span> <span class='ocrx_word' id='word_1_388' title='bbox 1609 5334 1936 5406; x_wconf 88' lang='lat' dir='ltr'>complens,</span> 
     </span>
    </p>
   </div>
   <div class='ocr_carea' id='block_1_60' title="bbox 403 5406 1903 5492">
    <p class='ocr_par' dir='ltr' id='par_1_60' title="bbox 403 5406 1903 5492">
     <span class='ocr_line' id='line_1_60' title="bbox 403 5406 1903 5492; baseline 0.011 -33"><span class='ocrx_word' id='word_1_389' title='bbox 403 5406 515 5470; x_wconf 91' lang='lat' dir='ltr'>Qui</span> <span class='ocrx_word' id='word_1_390' title='bbox 544 5407 759 5464; x_wconf 82' lang='lat' dir='ltr'>coelum</span> <span class='ocrx_word' id='word_1_391' title='bbox 789 5414 1127 5484; x_wconf 87' lang='lat' dir='ltr'>terramque</span> <span class='ocrx_word' id='word_1_392' title='bbox 1155 5422 1314 5472; x_wconf 86' lang='lat' dir='ltr'>tenes</span> <span class='ocrx_word' id='word_1_393' title='bbox 1344 5434 1450 5490; x_wconf 90' lang='lat' dir='ltr'>per</span> <span class='ocrx_word' id='word_1_394' title='bbox 1479 5420 1697 5488; x_wconf 89' lang='lat' dir='ltr'>secula,</span> <span class='ocrx_word' id='word_1_395' title='bbox 1731 5423 1903 5492; x_wconf 86' lang='lat' dir='ltr'>cujus</span> 
     </span>
    </p>
   </div>
   <div class='ocr_carea' id='block_1_61' title="bbox 479 5669 1556 5752">
    <p class='ocr_par' dir='ltr' id='par_1_61' title="bbox 479 5669 1556 5752">
     <span class='ocr_line' id='line_1_61' title="bbox 479 5669 1556 5752; baseline 0.017 -30"><span class='ocrx_word' id='word_1_396' title='bbox 479 5669 593 5740; x_wconf 86' lang='lat' dir='ltr'>(t7)</span> <span class='ocrx_word' id='word_1_397' title='bbox 620 5670 679 5726; x_wconf 91' lang='lat' dir='ltr'>td</span> <span class='ocrx_word' id='word_1_398' title='bbox 706 5676 816 5742; x_wconf 86' lang='lat' dir='ltr'>est,</span> <span class='ocrx_word' id='word_1_399' title='bbox 839 5685 1063 5742; x_wconf 75' lang='lat' dir='ltr'>parvas</span> <span class='ocrx_word' id='word_1_400' title='bbox 1090 5691 1286 5738; x_wconf 69' lang='lat' dir='ltr'>moras</span> <span class='ocrx_word' id='word_1_401' title='bbox 1303 5683 1556 5752; x_wconf 77' lang='lat' dir='ltr'>faciens.</span> 
     </span>
    </p>
   </div>
   <div class='ocr_carea' id='block_1_62' title="bbox 1623 5741 1655 5756">
    <p class='ocr_par' dir='ltr' id='par_1_62' title="bbox 1623 5741 1655 5756">
     <span class='ocr_line' id='line_1_62' title="bbox 1623 5741 1655 5756; baseline 0 0"><span class='ocrx_word' id='word_1_402' title='bbox 1623 5741 1655 5756; x_wconf 57' lang='grc' dir='ltr'><strong>Δ</strong></span> 
     </span>
    </p>
   </div>
   <div class='ocr_carea' id='block_1_63' title="bbox 2162 468 3478 542">
    <p class='ocr_par' dir='ltr' id='par_1_63' title="bbox 2162 468 3478 542">
     <span class='ocr_line' id='line_1_63' title="bbox 2162 468 3478 542; baseline 0.002 -20"><span class='ocrx_word' id='word_1_403' title='bbox 2162 470 2444 523; x_wconf 85' lang='lat' dir='ltr'>Infectum</span> <span class='ocrx_word' id='word_1_404' title='bbox 2472 470 2624 524; x_wconf 87' lang='lat' dir='ltr'>vitiis</span> <span class='ocrx_word' id='word_1_405' title='bbox 2653 470 2877 542; x_wconf 89' lang='lat' dir='ltr'>peccati</span> <span class='ocrx_word' id='word_1_406' title='bbox 2901 475 2959 526; x_wconf 90' lang='lat' dir='ltr'>et</span> <span class='ocrx_word' id='word_1_407' title='bbox 2981 469 3124 524; x_wconf 61' lang='lat' dir='ltr'>faece</span> <span class='ocrx_word' id='word_1_408' title='bbox 3143 468 3478 541; x_wconf 87' lang='lat' dir='ltr'>repletum,</span> 
     </span>
    </p>
   </div>
   <div class='ocr_carea' id='block_1_64' title="bbox 2161 556 3523 621">
    <p class='ocr_par' dir='ltr' id='par_1_64' title="bbox 2161 556 3523 621">
     <span class='ocr_line' id='line_1_64' title="bbox 2161 556 3523 621; baseline 0.001 -10"><span class='ocrx_word' id='word_1_409' title='bbox 2161 556 2270 621; x_wconf 86' lang='lat' dir='ltr'>Qui</span> <span class='ocrx_word' id='word_1_410' title='bbox 2296 573 2392 612; x_wconf 91' lang='lat' dir='ltr'>me</span> <span class='ocrx_word' id='word_1_411' title='bbox 2415 558 2818 614; x_wconf 77' lang='lat' dir='ltr'>Christicolam</span> <span class='ocrx_word' id='word_1_412' title='bbox 2846 557 2974 613; x_wconf 80' lang='lat' dir='ltr'>ﬁeri</span> <span class='ocrx_word' id='word_1_413' title='bbox 2993 557 3083 612; x_wconf 88' lang='lat' dir='ltr'>vis</span> <span class='ocrx_word' id='word_1_414' title='bbox 3107 573 3362 612; x_wconf 88' lang='lat' dir='ltr'>munere</span> <span class='ocrx_word' id='word_1_415' title='bbox 3393 557 3523 612; x_wconf 85' lang='lat' dir='ltr'>visi</span> 
     </span>
    </p>
   </div>
   <div class='ocr_carea' id='block_1_65' title="bbox 2158 645 3474 716">
    <p class='ocr_par' dir='ltr' id='par_1_65' title="bbox 2158 645 3474 716">
     <span class='ocr_line' id='line_1_65' title="bbox 2158 645 3474 716; baseline 0 -16"><span class='ocrx_word' id='word_1_416' title='bbox 2158 645 2460 716; x_wconf 86' lang='lat' dir='ltr'>Temporis</span> <span class='ocrx_word' id='word_1_417' title='bbox 2485 647 2700 714; x_wconf 79' lang='lat' dir='ltr'>exiguo</span> <span class='ocrx_word' id='word_1_418' title='bbox 2731 663 2911 703; x_wconf 91' lang='lat' dir='ltr'>cursu</span> <span class='ocrx_word' id='word_1_419' title='bbox 2933 645 3205 701; x_wconf 90' lang='lat' dir='ltr'>volvente</span> <span class='ocrx_word' id='word_1_420' title='bbox 3234 645 3426 701; x_wconf 86' lang='lat' dir='ltr'>futuri</span> <span class='ocrx_word' id='word_1_421' title='bbox 3459 662 3474 700; x_wconf 90' lang='lat'>:</span> 
     </span>
    </p>
   </div>
   <div class='ocr_carea' id='block_1_66' title="bbox 2163 735 3829 808">
    <p class='ocr_par' dir='ltr' id='par_1_66' title="bbox 2163 735 3829 808">
     <span class='ocr_line' id='line_1_66' title="bbox 2163 735 3829 808; baseline 0.001 -19"><span class='ocrx_word' id='word_1_422' title='bbox 2163 735 2403 807; x_wconf 86' lang='lat' dir='ltr'>Suscipe</span> <span class='ocrx_word' id='word_1_423' title='bbox 2433 741 2572 790; x_wconf 90' lang='lat' dir='ltr'>vota</span> <span class='ocrx_word' id='word_1_424' title='bbox 2601 735 2810 801; x_wconf 89' lang='lat' dir='ltr'>libens,</span> <span class='ocrx_word' id='word_1_425' title='bbox 2845 735 3244 808; x_wconf 89' lang='lat' dir='ltr'>precibusque</span> <span class='ocrx_word' id='word_1_426' title='bbox 3270 735 3479 790; x_wconf 85' lang='lat' dir='ltr'>faveto</span> <span class='ocrx_word' id='word_1_427' title='bbox 3515 735 3829 805; x_wconf 75' lang='lat' dir='ltr'>benignus.</span> 
     </span>
    </p>
   </div>
   <div class='ocr_carea' id='block_1_67' title="bbox 2165 821 3582 895">
    <p class='ocr_par' dir='ltr' id='par_1_67' title="bbox 2165 821 3582 895">
     <span class='ocr_line' id='line_1_67' title="bbox 2165 821 3582 895; baseline 0.001 -19"><span class='ocrx_word' id='word_1_428' title='bbox 2165 821 2394 877; x_wconf 82' lang='lat' dir='ltr'>Fluctus</span> <span class='ocrx_word' id='word_1_429' title='bbox 2421 823 2764 895; x_wconf 88' lang='lat' dir='ltr'>sedatisque</span> <span class='ocrx_word' id='word_1_430' title='bbox 2805 824 2959 878; x_wconf 88' lang='lat' dir='ltr'>feros</span> <span class='ocrx_word' id='word_1_431' title='bbox 2999 839 3317 895; x_wconf 87' lang='lat' dir='ltr'>compesce</span> <span class='ocrx_word' id='word_1_432' title='bbox 3341 823 3582 891; x_wconf 87' lang='lat' dir='ltr'>ruinis,</span> 
     </span>
    </p>
   </div>
   <div class='ocr_carea' id='block_1_68' title="bbox 2160 909 3442 983">
    <p class='ocr_par' dir='ltr' id='par_1_68' title="bbox 2160 909 3442 983">
     <span class='ocr_line' id='line_1_68' title="bbox 2160 909 3442 983; baseline 0.001 -18"><span class='ocrx_word' id='word_1_433' title='bbox 2160 909 2404 965; x_wconf 86' lang='lat' dir='ltr'>Casibus</span> <span class='ocrx_word' id='word_1_434' title='bbox 2431 911 2684 983; x_wconf 91' lang='lat' dir='ltr'>eripiens</span> <span class='ocrx_word' id='word_1_435' title='bbox 2713 912 2840 967; x_wconf 90' lang='lat' dir='ltr'>istis</span> <span class='ocrx_word' id='word_1_436' title='bbox 2852 928 2966 967; x_wconf 87' lang='lat' dir='ltr'>nos</span> <span class='ocrx_word' id='word_1_437' title='bbox 2993 917 3173 983; x_wconf 90' lang='lat' dir='ltr'>atque</span> <span class='ocrx_word' id='word_1_438' title='bbox 3199 911 3442 980; x_wconf 90' lang='lat' dir='ltr'>labore,</span> 
     </span>
    </p>
   </div>
   <div class='ocr_carea' id='block_1_69' title="bbox 2159 999 3752 1072">
    <p class='ocr_par' dir='ltr' id='par_1_69' title="bbox 2159 999 3752 1072">
     <span class='ocr_line' id='line_1_69' title="bbox 2159 999 3752 1072; baseline 0.003 -20"><span class='ocrx_word' id='word_1_439' title='bbox 2159 1000 2496 1070; x_wconf 87' lang='lat' dir='ltr'>Comprime</span> <span class='ocrx_word' id='word_1_440' title='bbox 2523 999 2892 1066; x_wconf 89' lang='lat' dir='ltr'>demulcens,</span> <span class='ocrx_word' id='word_1_441' title='bbox 2925 1000 3262 1067; x_wconf 84' lang='lat' dir='ltr'>mitescens,</span> <span class='ocrx_word' id='word_1_442' title='bbox 3292 1005 3489 1072; x_wconf 87' lang='lat' dir='ltr'>atque</span> <span class='ocrx_word' id='word_1_443' title='bbox 3523 1016 3752 1056; x_wconf 85' lang='lat' dir='ltr'>serena</span> 
     </span>
    </p>
   </div>
   <div class='ocr_carea' id='block_1_70' title="bbox 2161 1087 3680 1161">
    <p class='ocr_par' dir='ltr' id='par_1_70' title="bbox 2161 1087 3680 1161">
     <span class='ocr_line' id='line_1_70' title="bbox 2161 1087 3680 1161; baseline 0.003 -19"><span class='ocrx_word' id='word_1_444' title='bbox 2161 1087 2492 1142; x_wconf 88' lang='lat' dir='ltr'>Undantem</span> <span class='ocrx_word' id='word_1_445' title='bbox 2522 1089 2775 1144; x_wconf 90' lang='lat' dir='ltr'>nimium</span> <span class='ocrx_word' id='word_1_446' title='bbox 2805 1089 3065 1144; x_wconf 89' lang='lat' dir='ltr'>violento</span> <span class='ocrx_word' id='word_1_447' title='bbox 3097 1089 3336 1144; x_wconf 91' lang='lat' dir='ltr'>turbine</span> <span class='ocrx_word' id='word_1_448' title='bbox 3365 1095 3680 1161; x_wconf 87' lang='lat' dir='ltr'>pontum.</span> 
     </span>
    </p>
   </div>
   <div class='ocr_carea' id='block_1_71' title="bbox 2231 1176 3830 1248">
    <p class='ocr_par' dir='ltr' id='par_1_71' title="bbox 2231 1176 3830 1248">
     <span class='ocr_line' id='line_1_71' title="bbox 2231 1176 3830 1248; baseline 0.001 -19"><span class='ocrx_word' id='word_1_449' title='bbox 2231 1178 2449 1230; x_wconf 90' lang='lat' dir='ltr'>Harum</span> <span class='ocrx_word' id='word_1_450' title='bbox 2502 1193 2644 1232; x_wconf 89' lang='lat' dir='ltr'>vero</span> <span class='ocrx_word' id='word_1_451' title='bbox 2695 1177 3036 1232; x_wconf 90' lang='lat' dir='ltr'>orationum</span> <span class='ocrx_word' id='word_1_452' title='bbox 3083 1176 3370 1248; x_wconf 85' lang='lat' dir='ltr'>precibus</span> <span class='ocrx_word' id='word_1_453' title='bbox 3423 1177 3661 1244; x_wconf 83' lang='lat' dir='ltr'>ﬁnitis,</span> <span class='ocrx_word' id='word_1_454' title='bbox 3713 1193 3830 1232; x_wconf 78' lang='lat' dir='ltr'>mox</span> 
     </span>
    </p>
   </div>
   <div class='ocr_carea' id='block_1_72' title="bbox 2158 1265 3830 1338">
    <p class='ocr_par' dir='ltr' id='par_1_72' title="bbox 2158 1265 3830 1338">
     <span class='ocr_line' id='line_1_72' title="bbox 2158 1265 3830 1338; baseline 0.002 -23"><span class='ocrx_word' id='word_1_455' title='bbox 2158 1277 2322 1317; x_wconf 82' lang='lat' dir='ltr'>mare</span> <span class='ocrx_word' id='word_1_456' title='bbox 2348 1265 2618 1335; x_wconf 88' lang='lat' dir='ltr'>quiescit,</span> <span class='ocrx_word' id='word_1_457' title='bbox 2678 1265 2965 1321; x_wconf 88' lang='lat' dir='ltr'>serenatis</span> <span class='ocrx_word' id='word_1_458' title='bbox 3013 1265 3318 1338; x_wconf 82' lang='lat' dir='ltr'>procellis,</span> <span class='ocrx_word' id='word_1_459' title='bbox 3373 1265 3830 1338; x_wconf 82' lang='lat' dir='ltr'>immensosque</span> 
     </span>
    </p>
   </div>
   <div class='ocr_carea' id='block_1_73' title="bbox 2157 1353 3833 1428">
    <p class='ocr_par' dir='ltr' id='par_1_73' title="bbox 2157 1353 3833 1428">
     <span class='ocr_line' id='line_1_73' title="bbox 2157 1353 3833 1428; baseline 0.002 -23"><span class='ocrx_word' id='word_1_460' title='bbox 2157 1353 2651 1423; x_wconf 76' lang='lat' dir='ltr'>cequoristractus</span> <span class='ocrx_word' id='word_1_461' title='bbox 2675 1359 2879 1426; x_wconf 89' lang='lat' dir='ltr'>optato</span> <span class='ocrx_word' id='word_1_462' title='bbox 2925 1354 3167 1409; x_wconf 85' lang='lat' dir='ltr'>ﬂamine</span> <span class='ocrx_word' id='word_1_463' title='bbox 3218 1353 3496 1410; x_wconf 84' lang='lat' dir='ltr'>breviter</span> <span class='ocrx_word' id='word_1_464' title='bbox 3551 1355 3833 1428; x_wconf 81' lang='lat' dir='ltr'>explicue-</span> 
     </span>
    </p>
   </div>
   <div class='ocr_carea' id='block_1_74' title="bbox 2155 1441 3832 1514">
    <p class='ocr_par' dir='ltr' id='par_1_74' title="bbox 2155 1441 3832 1514">
     <span class='ocr_line' id='line_1_74' title="bbox 2155 1441 3832 1514; baseline 0.002 -21"><span class='ocrx_word' id='word_1_465' title='bbox 2155 1445 2338 1506; x_wconf 91' lang='lat' dir='ltr'>runt;</span> <span class='ocrx_word' id='word_1_466' title='bbox 2397 1458 2700 1514; x_wconf 87' lang='lat' dir='ltr'>navesque</span> <span class='ocrx_word' id='word_1_467' title='bbox 2764 1448 3108 1514; x_wconf 87' lang='lat' dir='ltr'>tempestate</span> <span class='ocrx_word' id='word_1_468' title='bbox 3180 1441 3469 1514; x_wconf 81' lang='lat' dir='ltr'>diruptas</span> <span class='ocrx_word' id='word_1_469' title='bbox 3549 1443 3832 1500; x_wconf 81' lang='lat' dir='ltr'>littoribus</span> 
     </span>
    </p>
   </div>
   <div class='ocr_carea' id='block_1_75' title="bbox 2159 1529 3828 1604">
    <p class='ocr_par' dir='ltr' id='par_1_75' title="bbox 2159 1529 3828 1604">
     <span class='ocr_line' id='line_1_75' title="bbox 2159 1529 3828 1604; baseline 0.001 -20"><span class='ocrx_word' id='word_1_470' title='bbox 2159 1529 2513 1597; x_wconf 81' lang='lat' dir='ltr'>Uvalgorum</span> <span class='ocrx_word' id='word_1_471' title='bbox 2565 1532 2663 1586; x_wconf 80' lang='lat' dir='ltr'>vix</span> <span class='ocrx_word' id='word_1_472' title='bbox 2717 1532 3154 1604; x_wconf 88' lang='lat' dir='ltr'>applicuerunt.</span> <span class='ocrx_word' id='word_1_473' title='bbox 3225 1533 3578 1588; x_wconf 85' lang='lat' dir='ltr'>Audientes</span> <span class='ocrx_word' id='word_1_474' title='bbox 3654 1539 3828 1588; x_wconf 84' lang='lat' dir='ltr'>autem</span> 
     </span>
    </p>
   </div>
   <div class='ocr_carea' id='block_1_76' title="bbox 2158 1618 3832 1693">
    <p class='ocr_par' dir='ltr' id='par_1_76' title="bbox 2158 1618 3832 1693">
     <span class='ocr_line' id='line_1_76' title="bbox 2158 1618 3832 1693; baseline 0.001 -21"><span class='ocrx_word' id='word_1_475' title='bbox 2158 1618 2545 1685; x_wconf 79' lang='lat' dir='ltr'>Uvalgrenses</span> <span class='ocrx_word' id='word_1_476' title='bbox 2575 1621 2741 1692; x_wconf 90' lang='lat' dir='ltr'>quod</span> <span class='ocrx_word' id='word_1_477' title='bbox 2763 1635 2908 1689; x_wconf 83' lang='lat' dir='ltr'>gens</span> <span class='ocrx_word' id='word_1_478' title='bbox 2937 1619 3201 1675; x_wconf 89' lang='lat' dir='ltr'>barbara</span> <span class='ocrx_word' id='word_1_479' title='bbox 3230 1626 3612 1693; x_wconf 86' lang='lat' dir='ltr'>tempestate</span> <span class='ocrx_word' id='word_1_480' title='bbox 3671 1621 3832 1677; x_wconf 84' lang='lat' dir='ltr'>maris</span> 
     </span>
    </p>
   </div>
   <div class='ocr_carea' id='block_1_77' title="bbox 2089 1706 3826 1780">
    <p class='ocr_par' dir='ltr' id='par_1_77' title="bbox 2089 1706 3826 1780">
     <span class='ocr_line' id='line_1_77' title="bbox 2089 1706 3826 1780; baseline 0.003 -19"><span class='ocrx_word' id='word_1_481' title='bbox 2089 1726 2128 1778; x_wconf 71' lang='grc' dir='ltr'><strong>Β</strong></span> <span class='ocrx_word' id='word_1_482' title='bbox 2158 1706 2424 1762; x_wconf 88' lang='lat' dir='ltr'>ferociter</span> <span class='ocrx_word' id='word_1_483' title='bbox 2453 1715 2758 1780; x_wconf 85' lang='lat' dir='ltr'>quassata,</span> <span class='ocrx_word' id='word_1_484' title='bbox 2815 1709 2940 1764; x_wconf 89' lang='lat' dir='ltr'>suis</span> <span class='ocrx_word' id='word_1_485' title='bbox 2991 1709 3289 1765; x_wconf 86' lang='lat' dir='ltr'>littoribus</span> <span class='ocrx_word' id='word_1_486' title='bbox 3338 1717 3512 1767; x_wconf 87' lang='lat' dir='ltr'>esset</span> <span class='ocrx_word' id='word_1_487' title='bbox 3569 1711 3826 1767; x_wconf 78' lang='lat' dir='ltr'>advecta.</span> 
     </span>
    </p>
   </div>
   <div class='ocr_carea' id='block_1_78' title="bbox 2159 1799 3828 1870">
    <p class='ocr_par' dir='ltr' id='par_1_78' title="bbox 2159 1799 3828 1870">
     <span class='ocr_line' id='line_1_78' title="bbox 2159 1799 3828 1870; baseline 0.001 -20"><span class='ocrx_word' id='word_1_488' title='bbox 2159 1803 2518 1866; x_wconf 72' lang='lat' dir='ltr'>congregata</span> <span class='ocrx_word' id='word_1_489' title='bbox 2552 1799 2930 1854; x_wconf 89' lang='lat' dir='ltr'>multitudine</span> <span class='ocrx_word' id='word_1_490' title='bbox 2961 1799 3350 1870; x_wconf 71' lang='lat' dir='ltr'>pagensium,</span> <span class='ocrx_word' id='word_1_491' title='bbox 3387 1799 3724 1856; x_wconf 81' lang='lat' dir='ltr'>Rollonem</span> <span class='ocrx_word' id='word_1_492' title='bbox 3745 1799 3828 1853; x_wconf 85' lang='lat' dir='ltr'>du-</span> 
     </span>
    </p>
   </div>
   <div class='ocr_carea' id='block_1_79' title="bbox 2161 1887 3825 1960">
    <p class='ocr_par' dir='ltr' id='par_1_79' title="bbox 2161 1887 3825 1960">
     <span class='ocr_line' id='line_1_79' title="bbox 2161 1887 3825 1960; baseline 0.001 -22"><span class='ocrx_word' id='word_1_493' title='bbox 2161 1900 2288 1938; x_wconf 91' lang='lat' dir='ltr'>cem</span> <span class='ocrx_word' id='word_1_494' title='bbox 2316 1890 2719 1958; x_wconf 84' lang='lat' dir='ltr'>tempestuoso</span> <span class='ocrx_word' id='word_1_495' title='bbox 2772 1887 2927 1941; x_wconf 90' lang='lat' dir='ltr'>mari</span> <span class='ocrx_word' id='word_1_496' title='bbox 2956 1887 3051 1942; x_wconf 83' lang='lat' dir='ltr'>vix</span> <span class='ocrx_word' id='word_1_497' title='bbox 3098 1893 3376 1960; x_wconf 89' lang='lat' dir='ltr'>ereptum</span> <span class='ocrx_word' id='word_1_498' title='bbox 3407 1887 3735 1960; x_wconf 83' lang='lat' dir='ltr'>insperate</span> <span class='ocrx_word' id='word_1_499' title='bbox 3758 1904 3825 1942; x_wconf 82' lang='lat' dir='ltr'>as-</span> 
     </span>
    </p>
   </div>
   <div class='ocr_carea' id='block_1_80' title="bbox 2161 1973 3827 2038">
    <p class='ocr_par' dir='ltr' id='par_1_80' title="bbox 2161 1973 3827 2038">
     <span class='ocr_line' id='line_1_80' title="bbox 2161 1973 3827 2038; baseline 0.002 -12"><span class='ocrx_word' id='word_1_500' title='bbox 2161 1973 2460 2029; x_wconf 83' lang='lat' dir='ltr'>salierunt.</span> <span class='ocrx_word' id='word_1_501' title='bbox 2495 1975 2601 2038; x_wconf 86' lang='lat' dir='ltr'>Qui</span> <span class='ocrx_word' id='word_1_502' title='bbox 2635 1975 2805 2030; x_wconf 90' lang='lat' dir='ltr'>solito</span> <span class='ocrx_word' id='word_1_503' title='bbox 2829 1991 2996 2030; x_wconf 90' lang='lat' dir='ltr'>more</span> <span class='ocrx_word' id='word_1_504' title='bbox 3028 1977 3301 2031; x_wconf 88' lang='lat' dir='ltr'>concitus</span> <span class='ocrx_word' id='word_1_505' title='bbox 3327 1981 3559 2032; x_wconf 81' lang='lat' dir='ltr'>contra</span> <span class='ocrx_word' id='word_1_506' title='bbox 3585 1977 3726 2032; x_wconf 89' lang='lat' dir='ltr'>illos</span> <span class='ocrx_word' id='word_1_507' title='bbox 3750 1976 3827 2030; x_wconf 83' lang='lat' dir='ltr'>de-</span> 
     </span>
    </p>
   </div>
   <div class='ocr_carea' id='block_1_81' title="bbox 2160 2062 3830 2138">
    <p class='ocr_par' dir='ltr' id='par_1_81' title="bbox 2160 2062 3830 2138">
     <span class='ocr_line' id='line_1_81' title="bbox 2160 2062 3830 2138; baseline 0.001 -23"><span class='ocrx_word' id='word_1_508' title='bbox 2160 2062 2440 2117; x_wconf 81' lang='lat' dir='ltr'>bellando</span> <span class='ocrx_word' id='word_1_509' title='bbox 2466 2063 2741 2134; x_wconf 79' lang='lat' dir='ltr'>perrexit,</span> <span class='ocrx_word' id='word_1_510' title='bbox 2775 2069 2952 2136; x_wconf 88' lang='lat' dir='ltr'>atque</span> <span class='ocrx_word' id='word_1_511' title='bbox 2992 2063 3194 2136; x_wconf 87' lang='lat' dir='ltr'>plures</span> <span class='ocrx_word' id='word_1_512' title='bbox 3220 2064 3466 2119; x_wconf 88' lang='lat' dir='ltr'>illorum</span> <span class='ocrx_word' id='word_1_513' title='bbox 3498 2081 3662 2121; x_wconf 86' lang='lat' dir='ltr'>nece</span> <span class='ocrx_word' id='word_1_514' title='bbox 3691 2082 3830 2138; x_wconf 63' lang='lat' dir='ltr'>pros</span> 
     </span>
    </p>
   </div>
   <div class='ocr_carea' id='block_1_82' title="bbox 2162 2152 3827 2224">
    <p class='ocr_par' dir='ltr' id='par_1_82' title="bbox 2162 2152 3827 2224">
     <span class='ocr_line' id='line_1_82' title="bbox 2162 2152 3827 2224; baseline 0.002 -20"><span class='ocrx_word' id='word_1_515' title='bbox 2162 2155 2342 2204; x_wconf 88' lang='lat' dir='ltr'>tratos</span> <span class='ocrx_word' id='word_1_516' title='bbox 2371 2167 2510 2205; x_wconf 88' lang='lat' dir='ltr'>orco</span> <span class='ocrx_word' id='word_1_517' title='bbox 2540 2153 2879 2214; x_wconf 81' lang='lat' dir='ltr'>transmisit,</span> <span class='ocrx_word' id='word_1_518' title='bbox 2905 2152 3304 2224; x_wconf 80' lang='lat' dir='ltr'>residuosque</span> <span class='ocrx_word' id='word_1_519' title='bbox 3336 2152 3602 2209; x_wconf 84' lang='lat' dir='ltr'>illorum</span> <span class='ocrx_word' id='word_1_520' title='bbox 3629 2161 3730 2209; x_wconf 90' lang='lat' dir='ltr'>aut</span> <span class='ocrx_word' id='word_1_521' title='bbox 3757 2154 3827 2208; x_wconf 83' lang='lat' dir='ltr'>fu-</span> 
     </span>
    </p>
   </div>
   <div class='ocr_carea' id='block_1_83' title="bbox 2161 2239 3826 2312">
    <p class='ocr_par' dir='ltr' id='par_1_83' title="bbox 2161 2239 3826 2312">
     <span class='ocr_line' id='line_1_83' title="bbox 2161 2239 3826 2312; baseline 0.001 -21"><span class='ocrx_word' id='word_1_522' title='bbox 2161 2239 2322 2307; x_wconf 79' lang='lat' dir='ltr'>gavit</span> <span class='ocrx_word' id='word_1_523' title='bbox 2342 2244 2444 2294; x_wconf 88' lang='lat' dir='ltr'>aut</span> <span class='ocrx_word' id='word_1_524' title='bbox 2470 2241 2642 2312; x_wconf 87' lang='lat' dir='ltr'>cepit.</span> <span class='ocrx_word' id='word_1_525' title='bbox 2673 2244 2940 2312; x_wconf 73' lang='lat' dir='ltr'>Cumque</span> <span class='ocrx_word' id='word_1_526' title='bbox 2979 2240 3316 2296; x_wconf 84' lang='lat' dir='ltr'>diutissime</span> <span class='ocrx_word' id='word_1_527' title='bbox 3346 2241 3689 2298; x_wconf 82' lang='lat' dir='ltr'>morulans</span> <span class='ocrx_word' id='word_1_528' title='bbox 3720 2248 3826 2311; x_wconf 58' lang='grc' dir='ltr'>(Π),</span> 
     </span>
    </p>
   </div>
   <div class='ocr_carea' id='block_1_84' title="bbox 2163 2327 3826 2401">
    <p class='ocr_par' dir='ltr' id='par_1_84' title="bbox 2163 2327 3826 2401">
     <span class='ocr_line' id='line_1_84' title="bbox 2163 2327 3826 2401; baseline 0.002 -19"><span class='ocrx_word' id='word_1_529' title='bbox 2163 2327 2441 2393; x_wconf 74' lang='lat' dir='ltr'>Uvalgras</span> <span class='ocrx_word' id='word_1_530' title='bbox 2472 2329 2884 2401; x_wconf 88' lang='lat' dir='ltr'>depopularet,</span> <span class='ocrx_word' id='word_1_531' title='bbox 2933 2329 3327 2385; x_wconf 88' lang='lat' dir='ltr'>reminiscens</span> <span class='ocrx_word' id='word_1_532' title='bbox 3367 2331 3695 2387; x_wconf 85' lang='lat' dir='ltr'>Alstemus</span> <span class='ocrx_word' id='word_1_533' title='bbox 3745 2347 3826 2386; x_wconf 79' lang='lat' dir='ltr'>rex</span> 
     </span>
    </p>
   </div>
   <div class='ocr_carea' id='block_1_85' title="bbox 2160 2417 3826 2493">
    <p class='ocr_par' dir='ltr' id='par_1_85' title="bbox 2160 2417 3826 2493">
     <span class='ocr_line' id='line_1_85' title="bbox 2160 2417 3826 2493; baseline 0.002 -23"><span class='ocrx_word' id='word_1_534' title='bbox 2160 2417 2482 2482; x_wconf 74' lang='lat' dir='ltr'>Anglorum</span> <span class='ocrx_word' id='word_1_535' title='bbox 2515 2419 3076 2487; x_wconf 75' lang='lat' dir='ltr'>Christianissimus,</span> <span class='ocrx_word' id='word_1_536' title='bbox 3132 2420 3417 2474; x_wconf 85' lang='lat' dir='ltr'>omnium</span> <span class='ocrx_word' id='word_1_537' title='bbox 3468 2435 3700 2490; x_wconf 86' lang='lat' dir='ltr'>regum</span> <span class='ocrx_word' id='word_1_538' title='bbox 3718 2435 3826 2493; x_wconf 83' lang='lat' dir='ltr'>pre-</span> 
     </span>
    </p>
   </div>
   <div class='ocr_carea' id='block_1_86' title="bbox 2157 2503 3825 2578">
    <p class='ocr_par' dir='ltr' id='par_1_86' title="bbox 2157 2503 3825 2578">
     <span class='ocr_line' id='line_1_86' title="bbox 2157 2503 3825 2578; baseline 0.002 -21"><span class='ocrx_word' id='word_1_539' title='bbox 2157 2503 2336 2558; x_wconf 85' lang='lat' dir='ltr'>bitate</span> <span class='ocrx_word' id='word_1_540' title='bbox 2365 2505 2946 2576; x_wconf 65' lang='lat' dir='ltr'>prrecellcntissimus</span> <span class='ocrx_word' id='word_1_541' title='bbox 2993 2506 3268 2562; x_wconf 63' lang='lat' dir='ltr'>amicitiae</span> <span class='ocrx_word' id='word_1_542' title='bbox 3297 2521 3427 2578; x_wconf 86' lang='lat' dir='ltr'>qua</span> <span class='ocrx_word' id='word_1_543' title='bbox 3483 2524 3554 2563; x_wconf 87' lang='lat' dir='ltr'>se</span> <span class='ocrx_word' id='word_1_544' title='bbox 3575 2515 3642 2564; x_wconf 90' lang='lat' dir='ltr'>et</span> <span class='ocrx_word' id='word_1_545' title='bbox 3664 2508 3825 2564; x_wconf 75' lang='lat' dir='ltr'>Hollo-</span> 
     </span>
    </p>
   </div>
   <div class='ocr_carea' id='block_1_87' title="bbox 2157 2593 3826 2668">
    <p class='ocr_par' dir='ltr' id='par_1_87' title="bbox 2157 2593 3826 2668">
     <span class='ocr_line' id='line_1_87' title="bbox 2157 2593 3826 2668; baseline 0.003 -22"><span class='ocrx_word' id='word_1_546' title='bbox 2157 2610 2294 2647; x_wconf 85' lang='lat' dir='ltr'>nem</span> <span class='ocrx_word' id='word_1_547' title='bbox 2331 2593 2636 2661; x_wconf 73' lang='lat' dir='ltr'>colligaret</span> <span class='ocrx_word' id='word_1_548' title='bbox 2685 2595 2744 2649; x_wconf 91' lang='lat' dir='ltr'>in</span> <span class='ocrx_word' id='word_1_549' title='bbox 2791 2595 3018 2650; x_wconf 72' lang='lat' dir='ltr'>t‘tedera</span> <span class='ocrx_word' id='word_1_550' title='bbox 3075 2597 3481 2668; x_wconf 88' lang='lat' dir='ltr'>sempiterna,</span> <span class='ocrx_word' id='word_1_551' title='bbox 3514 2597 3826 2654; x_wconf 81' lang='lat' dir='ltr'>duodecim</span> 
     </span>
    </p>
   </div>
   <div class='ocr_carea' id='block_1_88' title="bbox 2160 2682 3825 2758">
    <p class='ocr_par' dir='ltr' id='par_1_88' title="bbox 2160 2682 3825 2758">
     <span class='ocr_line' id='line_1_88' title="bbox 2160 2682 3825 2758; baseline 0.002 -23"><span class='ocrx_word' id='word_1_552' title='bbox 2160 2697 2344 2736; x_wconf 87' lang='lat' dir='ltr'>naves</span> <span class='ocrx_word' id='word_1_553' title='bbox 2378 2682 2692 2747; x_wconf 81' lang='lat' dir='ltr'>frumento,</span> <span class='ocrx_word' id='word_1_554' title='bbox 2719 2684 2859 2738; x_wconf 79' lang='lat' dir='ltr'>vino</span> <span class='ocrx_word' id='word_1_555' title='bbox 2891 2689 3071 2754; x_wconf 89' lang='lat' dir='ltr'>atque</span> <span class='ocrx_word' id='word_1_556' title='bbox 3103 2683 3285 2745; x_wconf 83' lang='lat' dir='ltr'>lardo</span> <span class='ocrx_word' id='word_1_557' title='bbox 3315 2692 3652 2750; x_wconf 84' lang='lat' dir='ltr'>oneratas,</span> <span class='ocrx_word' id='word_1_558' title='bbox 3701 2686 3825 2758; x_wconf 88' lang='lat' dir='ltr'>quin</span> 
     </span>
    </p>
   </div>
   <div class='ocr_carea' id='block_1_89' title="bbox 2159 2771 3826 2847">
    <p class='ocr_par' dir='ltr' id='par_1_89' title="bbox 2159 2771 3826 2847">
     <span class='ocr_line' id='line_1_89' title="bbox 2159 2771 3826 2847; baseline 0.002 -24"><span class='ocrx_word' id='word_1_559' title='bbox 2159 2771 2335 2824; x_wconf 86' lang='lat' dir='ltr'>etiam</span> <span class='ocrx_word' id='word_1_560' title='bbox 2369 2771 2608 2826; x_wconf 86' lang='lat' dir='ltr'>totidem</span> <span class='ocrx_word' id='word_1_561' title='bbox 2639 2778 2867 2827; x_wconf 88' lang='lat' dir='ltr'>armato</span> <span class='ocrx_word' id='word_1_562' title='bbox 2889 2771 3071 2827; x_wconf 90' lang='lat' dir='ltr'>milite</span> <span class='ocrx_word' id='word_1_563' title='bbox 3102 2771 3386 2844; x_wconf 88' lang='lat' dir='ltr'>repletas,</span> <span class='ocrx_word' id='word_1_564' title='bbox 3407 2773 3566 2829; x_wconf 85' lang='lat' dir='ltr'>duci</span> <span class='ocrx_word' id='word_1_565' title='bbox 3600 2774 3826 2847; x_wconf 76' lang='lat' dir='ltr'>praecel-</span> 
     </span>
    </p>
   </div>
   <div class='ocr_carea' id='block_1_90' title="bbox 2159 2859 3826 2929">
    <p class='ocr_par' dir='ltr' id='par_1_90' title="bbox 2159 2859 3826 2929">
     <span class='ocr_line' id='line_1_90' title="bbox 2159 2859 3826 2929; baseline 0.005 -17"><span class='ocrx_word' id='word_1_566' title='bbox 2159 2874 2226 2912; x_wconf 91' lang='lat' dir='ltr'>so</span> <span class='ocrx_word' id='word_1_567' title='bbox 2257 2859 2578 2914; x_wconf 88' lang='lat' dir='ltr'>transmisit</span> <span class='ocrx_word' id='word_1_568' title='bbox 2605 2859 2664 2913; x_wconf 92' lang='lat' dir='ltr'>in</span> <span class='ocrx_word' id='word_1_569' title='bbox 2693 2859 2996 2929; x_wconf 83' lang='lat' dir='ltr'>Uvalgras.</span> <span class='ocrx_word' id='word_1_570' title='bbox 3049 2861 3149 2915; x_wconf 85' lang='lat' dir='ltr'>His</span> <span class='ocrx_word' id='word_1_571' title='bbox 3179 2860 3350 2916; x_wconf 80' lang='lat' dir='ltr'>Bello</span> <span class='ocrx_word' id='word_1_572' title='bbox 3404 2861 3608 2918; x_wconf 86' lang='lat' dir='ltr'>donis</span> <span class='ocrx_word' id='word_1_573' title='bbox 3659 2863 3826 2920; x_wconf 65' lang='lat' dir='ltr'>laetus.</span> 
     </span>
    </p>
   </div>
   <div class='ocr_carea' id='block_1_91' title="bbox 2158 2947 3827 3021">
    <p class='ocr_par' dir='ltr' id='par_1_91' title="bbox 2158 2947 3827 3021">
     <span class='ocr_line' id='line_1_91' title="bbox 2158 2947 3827 3021; baseline 0.005 -20"><span class='ocrx_word' id='word_1_574' title='bbox 2158 2947 2382 3011; x_wconf 71' lang='lat' dir='ltr'>legatos</span> <span class='ocrx_word' id='word_1_575' title='bbox 2411 2949 2761 3004; x_wconf 89' lang='lat' dir='ltr'>muneribus</span> <span class='ocrx_word' id='word_1_576' title='bbox 2791 2950 3199 3020; x_wconf 66' lang='lat' dir='ltr'>praemaximis</span> <span class='ocrx_word' id='word_1_577' title='bbox 3237 2949 3474 3006; x_wconf 78' lang='lat' dir='ltr'>ditatos</span> <span class='ocrx_word' id='word_1_578' title='bbox 3526 2968 3683 3008; x_wconf 85' lang='lat' dir='ltr'>cum</span> <span class='ocrx_word' id='word_1_579' title='bbox 3723 2968 3827 3021; x_wconf 77' lang='lat' dir='ltr'>gra-</span> 
     </span>
    </p>
   </div>
   <div class='ocr_carea' id='block_1_92' title="bbox 2089 3037 3825 3126">
    <p class='ocr_par' dir='ltr' id='par_1_92' title="bbox 2089 3037 3825 3126">
     <span class='ocr_line' id='line_1_92' title="bbox 2089 3037 3825 3126; baseline 0.002 -36"><span class='ocrx_word' id='word_1_580' title='bbox 2089 3071 2128 3126; x_wconf 72' lang='lat' dir='ltr'><strong>G</strong></span> <span class='ocrx_word' id='word_1_581' title='bbox 2157 3037 2373 3090; x_wconf 89' lang='lat' dir='ltr'>tiarum</span> <span class='ocrx_word' id='word_1_582' title='bbox 2401 3037 2630 3092; x_wconf 85' lang='lat' dir='ltr'>actione</span> <span class='ocrx_word' id='word_1_583' title='bbox 2684 3039 2760 3093; x_wconf 88' lang='lat' dir='ltr'>ad</span> <span class='ocrx_word' id='word_1_584' title='bbox 2814 3053 3016 3107; x_wconf 77' lang='lat' dir='ltr'>regem</span> <span class='ocrx_word' id='word_1_585' title='bbox 3056 3039 3308 3105; x_wconf 80' lang='lat' dir='ltr'>remisit,</span> <span class='ocrx_word' id='word_1_586' title='bbox 3342 3054 3548 3112; x_wconf 85' lang='lat' dir='ltr'>seque</span> <span class='ocrx_word' id='word_1_587' title='bbox 3582 3057 3700 3114; x_wconf 88' lang='lat' dir='ltr'>per</span> <span class='ocrx_word' id='word_1_588' title='bbox 3747 3056 3825 3095; x_wconf 81' lang='lat' dir='ltr'>eos</span> 
     </span>
    </p>
   </div>
   <div class='ocr_carea' id='block_1_93' title="bbox 2159 3124 3823 3190">
    <p class='ocr_par' dir='ltr' id='par_1_93' title="bbox 2159 3124 3823 3190">
     <span class='ocr_line' id='line_1_93' title="bbox 2159 3124 3823 3190; baseline 0.003 -13"><span class='ocrx_word' id='word_1_589' title='bbox 2159 3124 2587 3179; x_wconf 84' lang='lat' dir='ltr'>famulaturum</span> <span class='ocrx_word' id='word_1_590' title='bbox 2614 3125 2737 3190; x_wconf 79' lang='lat' dir='ltr'>regi</span> <span class='ocrx_word' id='word_1_591' title='bbox 2792 3125 3124 3182; x_wconf 87' lang='lat' dir='ltr'>mandavit.</span> <span class='ocrx_word' id='word_1_592' title='bbox 3175 3127 3586 3184; x_wconf 68' lang='lat' dir='ltr'>Aistimantes</span> <span class='ocrx_word' id='word_1_593' title='bbox 3649 3133 3823 3184; x_wconf 81' lang='lat' dir='ltr'>autem</span> 
     </span>
    </p>
   </div>
   <div class='ocr_carea' id='block_1_94' title="bbox 2162 3213 3824 3291">
    <p class='ocr_par' dir='ltr' id='par_1_94' title="bbox 2162 3213 3824 3291">
     <span class='ocr_line' id='line_1_94' title="bbox 2162 3213 3824 3291; baseline 0.002 -25"><span class='ocrx_word' id='word_1_594' title='bbox 2162 3213 2566 3282; x_wconf 86' lang='lat' dir='ltr'>Uvalgrenses,</span> <span class='ocrx_word' id='word_1_595' title='bbox 2624 3219 2865 3286; x_wconf 89' lang='lat' dir='ltr'>propter</span> <span class='ocrx_word' id='word_1_596' title='bbox 2915 3215 3210 3286; x_wconf 88' lang='lat' dir='ltr'>deportati</span> <span class='ocrx_word' id='word_1_597' title='bbox 3266 3214 3576 3274; x_wconf 85' lang='lat' dir='ltr'>frumenti</span> <span class='ocrx_word' id='word_1_598' title='bbox 3609 3219 3824 3291; x_wconf 86' lang='lat' dir='ltr'>copiam</span> 
     </span>
    </p>
   </div>
   <div class='ocr_carea' id='block_1_95' title="bbox 2157 3303 3828 3374">
    <p class='ocr_par' dir='ltr' id='par_1_95' title="bbox 2157 3303 3828 3374">
     <span class='ocr_line' id='line_1_95' title="bbox 2157 3303 3828 3374; baseline 0.004 -19"><span class='ocrx_word' id='word_1_599' title='bbox 2157 3303 2320 3356; x_wconf 90' lang='lat' dir='ltr'>omni</span> <span class='ocrx_word' id='word_1_600' title='bbox 2353 3307 2615 3374; x_wconf 90' lang='lat' dir='ltr'>tempore</span> <span class='ocrx_word' id='word_1_601' title='bbox 2644 3303 2951 3358; x_wconf 72' lang='lat' dir='ltr'>ltollonem</span> <span class='ocrx_word' id='word_1_602' title='bbox 2976 3303 3242 3372; x_wconf 87' lang='lat' dir='ltr'>Uvalgris</span> <span class='ocrx_word' id='word_1_603' title='bbox 3261 3311 3698 3370; x_wconf 84' lang='lat' dir='ltr'>moraturum,</span> <span class='ocrx_word' id='word_1_604' title='bbox 3721 3323 3828 3362; x_wconf 79' lang='lat' dir='ltr'>coa-</span> 
     </span>
    </p>
   </div>
   <div class='ocr_carea' id='block_1_96' title="bbox 2159 3393 3828 3464">
    <p class='ocr_par' dir='ltr' id='par_1_96' title="bbox 2159 3393 3828 3464">
     <span class='ocr_line' id='line_1_96' title="bbox 2159 3393 3828 3464; baseline 0.002 -19"><span class='ocrx_word' id='word_1_605' title='bbox 2159 3399 2520 3447; x_wconf 90' lang='lat' dir='ltr'>vocaverunt</span> <span class='ocrx_word' id='word_1_606' title='bbox 2550 3393 2908 3461; x_wconf 82' lang='lat' dir='ltr'>Raginerum</span> <span class='ocrx_word' id='word_1_607' title='bbox 2964 3394 3148 3464; x_wconf 87' lang='lat' dir='ltr'>Longi</span> <span class='ocrx_word' id='word_1_608' title='bbox 3191 3394 3329 3450; x_wconf 89' lang='lat' dir='ltr'>colli</span> <span class='ocrx_word' id='word_1_609' title='bbox 3373 3395 3828 3454; x_wconf 82' lang='lat' dir='ltr'>Hasbacensem</span> 
     </span>
    </p>
   </div>
   <div class='ocr_carea' id='block_1_97' title="bbox 2157 3479 3830 3546">
    <p class='ocr_par' dir='ltr' id='par_1_97' title="bbox 2157 3479 3830 3546">
     <span class='ocr_line' id='line_1_97' title="bbox 2157 3479 3830 3546; baseline 0.003 -12"><span class='ocrx_word' id='word_1_610' title='bbox 2157 3484 2212 3534; x_wconf 89' lang='lat' dir='ltr'>et</span> <span class='ocrx_word' id='word_1_611' title='bbox 2242 3479 2712 3536; x_wconf 86' lang='lat' dir='ltr'>Hainaucensem</span> <span class='ocrx_word' id='word_1_612' title='bbox 2740 3481 2977 3546; x_wconf 88' lang='lat' dir='ltr'>ducem,</span> <span class='ocrx_word' id='word_1_613' title='bbox 3001 3487 3058 3536; x_wconf 92' lang='lat' dir='ltr'>et</span> <span class='ocrx_word' id='word_1_614' title='bbox 3085 3482 3498 3540; x_wconf 79' lang='lat' dir='ltr'>Radebodum</span> <span class='ocrx_word' id='word_1_615' title='bbox 3537 3487 3740 3542; x_wconf 68' lang='lat' dir='ltr'>Frisia:</span> <span class='ocrx_word' id='word_1_616' title='bbox 3763 3501 3830 3539; x_wconf 61' lang='lat' dir='ltr'>re</span> 
     </span>
    </p>
   </div>
   <div class='ocr_carea' id='block_1_98' title="bbox 2157 3568 3826 3640">
    <p class='ocr_par' dir='ltr' id='par_1_98' title="bbox 2157 3568 3826 3640">
     <span class='ocr_line' id='line_1_98' title="bbox 2157 3568 3826 3640; baseline 0.003 -19"><span class='ocrx_word' id='word_1_617' title='bbox 2157 3568 2350 3638; x_wconf 88' lang='lat' dir='ltr'>gionis</span> <span class='ocrx_word' id='word_1_618' title='bbox 2380 3568 2734 3640; x_wconf 70' lang='lat' dir='ltr'>principem,</span> <span class='ocrx_word' id='word_1_619' title='bbox 2763 3573 2820 3624; x_wconf 93' lang='lat' dir='ltr'>et</span> <span class='ocrx_word' id='word_1_620' title='bbox 2867 3569 3232 3639; x_wconf 82' lang='lat' dir='ltr'>conglobate</span> <span class='ocrx_word' id='word_1_621' title='bbox 3272 3577 3558 3628; x_wconf 82' lang='lat' dir='ltr'>exercitu</span> <span class='ocrx_word' id='word_1_622' title='bbox 3587 3575 3826 3630; x_wconf 81' lang='lat' dir='ltr'>aliorum</span> 
     </span>
    </p>
   </div>
   <div class='ocr_carea' id='block_1_99' title="bbox 2156 3655 3826 3736">
    <p class='ocr_par' dir='ltr' id='par_1_99' title="bbox 2156 3655 3826 3736">
     <span class='ocr_line' id='line_1_99' title="bbox 2156 3655 3826 3736; baseline 0.005 -25"><span class='ocrx_word' id='word_1_623' title='bbox 2156 3673 2452 3729; x_wconf 81' lang='lat' dir='ltr'>pagorum</span> <span class='ocrx_word' id='word_1_624' title='bbox 2484 3655 2844 3713; x_wconf 86' lang='lat' dir='ltr'>invaserunt.</span> <span class='ocrx_word' id='word_1_625' title='bbox 2878 3658 3206 3718; x_wconf 80' lang='lat' dir='ltr'>Rollonem.</span> <span class='ocrx_word' id='word_1_626' title='bbox 3242 3660 3377 3727; x_wconf 89' lang='lat' dir='ltr'>Qui,</span> <span class='ocrx_word' id='word_1_627' title='bbox 3408 3661 3584 3720; x_wconf 81' lang='lat' dir='ltr'>sicut</span> <span class='ocrx_word' id='word_1_628' title='bbox 3605 3665 3826 3736; x_wconf 64' lang='lat' dir='ltr'>saepius.</span> 
     </span>
    </p>
   </div>
   <div class='ocr_carea' id='block_1_100' title="bbox 2157 3745 3826 3820">
    <p class='ocr_par' dir='ltr' id='par_1_100' title="bbox 2157 3745 3826 3820">
     <span class='ocr_line' id='line_1_100' title="bbox 2157 3745 3826 3820; baseline 0.003 -21"><span class='ocrx_word' id='word_1_629' title='bbox 2157 3746 2234 3800; x_wconf 90' lang='lat' dir='ltr'>ad</span> <span class='ocrx_word' id='word_1_630' title='bbox 2263 3745 2487 3801; x_wconf 84' lang='lat' dir='ltr'>bellum</span> <span class='ocrx_word' id='word_1_631' title='bbox 2517 3745 2922 3802; x_wconf 84' lang='lat' dir='ltr'>indubitanter</span> <span class='ocrx_word' id='word_1_632' title='bbox 2969 3749 3249 3820; x_wconf 78' lang='lat' dir='ltr'>perrexit,</span> <span class='ocrx_word' id='word_1_633' title='bbox 3291 3755 3351 3804; x_wconf 87' lang='lat' dir='ltr'>et</span> <span class='ocrx_word' id='word_1_634' title='bbox 3405 3753 3630 3809; x_wconf 86' lang='lat' dir='ltr'>multa</span> <span class='ocrx_word' id='word_1_635' title='bbox 3670 3753 3826 3809; x_wconf 75' lang='lat' dir='ltr'>millia</span> 
     </span>
    </p>
   </div>
   <div class='ocr_carea' id='block_1_101' title="bbox 2155 3833 3824 3908">
    <p class='ocr_par' dir='ltr' id='par_1_101' title="bbox 2155 3833 3824 3908">
     <span class='ocr_line' id='line_1_101' title="bbox 2155 3833 3824 3908; baseline 0.004 -20"><span class='ocrx_word' id='word_1_636' title='bbox 2155 3833 2392 3889; x_wconf 91' lang='lat' dir='ltr'>illorum</span> <span class='ocrx_word' id='word_1_637' title='bbox 2423 3835 2656 3902; x_wconf 90' lang='lat' dir='ltr'>occidit,</span> <span class='ocrx_word' id='word_1_638' title='bbox 2683 3841 2861 3907; x_wconf 89' lang='lat' dir='ltr'>atque</span> <span class='ocrx_word' id='word_1_639' title='bbox 2887 3837 3246 3905; x_wconf 81' lang='lat' dir='ltr'>Raginerum</span> <span class='ocrx_word' id='word_1_640' title='bbox 3264 3839 3465 3908; x_wconf 77' lang='lat' dir='ltr'>Longi</span> <span class='ocrx_word' id='word_1_641' title='bbox 3487 3843 3646 3899; x_wconf 90' lang='lat' dir='ltr'>colli</span> <span class='ocrx_word' id='word_1_642' title='bbox 3669 3850 3728 3899; x_wconf 89' lang='lat' dir='ltr'>et</span> <span class='ocrx_word' id='word_1_643' title='bbox 3743 3847 3824 3897; x_wconf 81' lang='lat' dir='ltr'>Ra-</span> 
     </span>
    </p>
   </div>
   <div class='ocr_carea' id='block_1_102' title="bbox 2155 3922 3826 3997">
    <p class='ocr_par' dir='ltr' id='par_1_102' title="bbox 2155 3922 3826 3997">
     <span class='ocr_line' id='line_1_102' title="bbox 2155 3922 3826 3997; baseline 0.005 -21"><span class='ocrx_word' id='word_1_644' title='bbox 2155 3922 2460 3977; x_wconf 88' lang='lat' dir='ltr'>debodum</span> <span class='ocrx_word' id='word_1_645' title='bbox 2499 3923 2800 3978; x_wconf 78' lang='lat' dir='ltr'>Frisonem</span> <span class='ocrx_word' id='word_1_646' title='bbox 2830 3924 2906 3978; x_wconf 89' lang='lat' dir='ltr'>ad</span> <span class='ocrx_word' id='word_1_647' title='bbox 2933 3940 3043 3980; x_wconf 90' lang='lat' dir='ltr'>sua</span> <span class='ocrx_word' id='word_1_648' title='bbox 3078 3932 3277 3981; x_wconf 88' lang='lat' dir='ltr'>castra</span> <span class='ocrx_word' id='word_1_649' title='bbox 3320 3926 3594 3997; x_wconf 79' lang='lat' dir='ltr'>fugavit.</span> <span class='ocrx_word' id='word_1_650' title='bbox 3631 3931 3826 3986; x_wconf 71' lang='lat' dir='ltr'>Deinde</span> 
     </span>
    </p>
   </div>
   <div class='ocr_carea' id='block_1_103' title="bbox 2154 4011 3828 4090">
    <p class='ocr_par' dir='ltr' id='par_1_103' title="bbox 2154 4011 3828 4090">
     <span class='ocr_line' id='line_1_103' title="bbox 2154 4011 3828 4090; baseline 0.004 -25"><span class='ocrx_word' id='word_1_651' title='bbox 2154 4015 2338 4065; x_wconf 90' lang='lat' dir='ltr'>totam</span> <span class='ocrx_word' id='word_1_652' title='bbox 2369 4015 2584 4066; x_wconf 88' lang='lat' dir='ltr'>terram</span> <span class='ocrx_word' id='word_1_653' title='bbox 2609 4011 3002 4079; x_wconf 78' lang='lat' dir='ltr'>Uvalgrorum</span> <span class='ocrx_word' id='word_1_654' title='bbox 3028 4013 3363 4070; x_wconf 82' lang='lat' dir='ltr'>devastavit</span> <span class='ocrx_word' id='word_1_655' title='bbox 3407 4022 3620 4090; x_wconf 84' lang='lat' dir='ltr'>atque</span> <span class='ocrx_word' id='word_1_656' title='bbox 3648 4020 3828 4076; x_wconf 85' lang='lat' dir='ltr'>incen-</span> 
     </span>
    </p>
   </div>
   <div class='ocr_carea' id='block_1_104' title="bbox 2152 4096 3830 4171">
    <p class='ocr_par' dir='ltr' id='par_1_104' title="bbox 2152 4096 3830 4171">
     <span class='ocr_line' id='line_1_104' title="bbox 2152 4096 3830 4171; baseline 0.003 -19"><span class='ocrx_word' id='word_1_657' title='bbox 2152 4096 2252 4152; x_wconf 91' lang='lat' dir='ltr'>dio</span> <span class='ocrx_word' id='word_1_658' title='bbox 2279 4099 2697 4154; x_wconf 89' lang='lat' dir='ltr'>concremavit.</span> <span class='ocrx_word' id='word_1_659' title='bbox 2750 4101 2884 4154; x_wconf 89' lang='lat' dir='ltr'>Post</span> <span class='ocrx_word' id='word_1_660' title='bbox 2935 4099 3073 4155; x_wconf 90' lang='lat' dir='ltr'>hinc</span> <span class='ocrx_word' id='word_1_661' title='bbox 3123 4101 3309 4171; x_wconf 87' lang='lat' dir='ltr'>hujus</span> <span class='ocrx_word' id='word_1_662' title='bbox 3342 4103 3432 4158; x_wconf 87' lang='lat' dir='ltr'>rei</span> <span class='ocrx_word' id='word_1_663' title='bbox 3466 4120 3681 4162; x_wconf 85' lang='lat' dir='ltr'>causa</span> <span class='ocrx_word' id='word_1_664' title='bbox 3709 4103 3830 4162; x_wconf 67' lang='lat' dir='ltr'>indi</span> 
     </span>
    </p>
   </div>
   <div class='ocr_carea' id='block_1_105' title="bbox 2153 4187 3830 4268">
    <p class='ocr_par' dir='ltr' id='par_1_105' title="bbox 2153 4187 3830 4268">
     <span class='ocr_line' id='line_1_105' title="bbox 2153 4187 3830 4268; baseline 0.004 -28"><span class='ocrx_word' id='word_1_665' title='bbox 2153 4192 2393 4255; x_wconf 84' lang='lat' dir='ltr'>gnatus,</span> <span class='ocrx_word' id='word_1_666' title='bbox 2429 4187 2695 4242; x_wconf 47' lang='lat' dir='ltr'>li‘risones</span> <span class='ocrx_word' id='word_1_667' title='bbox 2721 4187 2984 4242; x_wconf 86' lang='lat' dir='ltr'>celeriter</span> <span class='ocrx_word' id='word_1_668' title='bbox 3005 4189 3303 4261; x_wconf 84' lang='lat' dir='ltr'>expetivit,</span> <span class='ocrx_word' id='word_1_669' title='bbox 3333 4195 3716 4268; x_wconf 84' lang='lat' dir='ltr'>terramque</span> <span class='ocrx_word' id='word_1_670' title='bbox 3733 4195 3830 4250; x_wconf 74' lang='lat' dir='ltr'>ille-</span> 
     </span>
    </p>
   </div>
   <div class='ocr_carea' id='block_1_106' title="bbox 2151 4275 3830 4347">
    <p class='ocr_par' dir='ltr' id='par_1_106' title="bbox 2151 4275 3830 4347">
     <span class='ocr_line' id='line_1_106' title="bbox 2151 4275 3830 4347; baseline 0.004 -18"><span class='ocrx_word' id='word_1_671' title='bbox 2151 4290 2286 4329; x_wconf 86' lang='lat' dir='ltr'>rum</span> <span class='ocrx_word' id='word_1_672' title='bbox 2315 4275 2623 4330; x_wconf 80' lang='lat' dir='ltr'>devastare</span> <span class='ocrx_word' id='word_1_673' title='bbox 2652 4277 3015 4347; x_wconf 65' lang='lat' dir='ltr'>coepitTunc</span> <span class='ocrx_word' id='word_1_674' title='bbox 3040 4279 3312 4333; x_wconf 84' lang='lat' dir='ltr'>Frisones</span> <span class='ocrx_word' id='word_1_675' title='bbox 3329 4280 3702 4340; x_wconf 83' lang='lat' dir='ltr'>multorum</span> <span class='ocrx_word' id='word_1_676' title='bbox 3723 4299 3830 4339; x_wconf 77' lang='lat' dir='ltr'>ron-</span> 
     </span>
    </p>
   </div>
   <div class='ocr_carea' id='block_1_107' title="bbox 2153 4361 3828 4443">
    <p class='ocr_par' dir='ltr' id='par_1_107' title="bbox 2153 4361 3828 4443">
     <span class='ocr_line' id='line_1_107' title="bbox 2153 4361 3828 4443; baseline 0.006 -28"><span class='ocrx_word' id='word_1_677' title='bbox 2153 4361 2374 4431; x_wconf 79' lang='lat' dir='ltr'>geriem</span> <span class='ocrx_word' id='word_1_678' title='bbox 2414 4362 2775 4434; x_wconf 87' lang='lat' dir='ltr'>populorum</span> <span class='ocrx_word' id='word_1_679' title='bbox 2829 4365 3057 4420; x_wconf 79' lang='lat' dir='ltr'>concita</span> <span class='ocrx_word' id='word_1_680' title='bbox 3097 4373 3572 4437; x_wconf 86' lang='lat' dir='ltr'>coacervantes,</span> <span class='ocrx_word' id='word_1_681' title='bbox 3617 4373 3828 4443; x_wconf 61' lang='lat' dir='ltr'>sibiqur</span> 
     </span>
    </p>
   </div>
   <div class='ocr_carea' id='block_1_108' title="bbox 2155 4449 3830 4524">
    <p class='ocr_par' dir='ltr' id='par_1_108' title="bbox 2155 4449 3830 4524">
     <span class='ocr_line' id='line_1_108' title="bbox 2155 4449 3830 4524; baseline 0.007 -21"><span class='ocrx_word' id='word_1_682' title='bbox 2155 4449 2593 4506; x_wconf 88' lang='lat' dir='ltr'>multitudinem</span> <span class='ocrx_word' id='word_1_683' title='bbox 2617 4451 2884 4524; x_wconf 91' lang='lat' dir='ltr'>plebium</span> <span class='ocrx_word' id='word_1_684' title='bbox 2923 4453 2984 4508; x_wconf 88' lang='lat' dir='ltr'>in</span> <span class='ocrx_word' id='word_1_685' title='bbox 3016 4453 3280 4512; x_wconf 85' lang='lat' dir='ltr'>conﬁnio</span> <span class='ocrx_word' id='word_1_686' title='bbox 3310 4457 3532 4514; x_wconf 74' lang='lat' dir='ltr'>Frisise</span> <span class='ocrx_word' id='word_1_687' title='bbox 3577 4475 3830 4519; x_wconf 64' lang='lat' dir='ltr'>comma</span> 
     </span>
    </p>
   </div>
   <div class='ocr_carea' id='block_1_109' title="bbox 2151 4539 3830 4608">
    <p class='ocr_par' dir='ltr' id='par_1_109' title="bbox 2151 4539 3830 4608">
     <span class='ocr_line' id='line_1_109' title="bbox 2151 4539 3830 4608; baseline 0.007 -16"><span class='ocrx_word' id='word_1_688' title='bbox 2151 4539 2411 4593; x_wconf 89' lang='lat' dir='ltr'>rantium</span> <span class='ocrx_word' id='word_1_689' title='bbox 2439 4539 2907 4608; x_wconf 87' lang='lat' dir='ltr'>accumulantes,</span> <span class='ocrx_word' id='word_1_690' title='bbox 2935 4541 3123 4598; x_wconf 90' lang='lat' dir='ltr'>ﬂuvio</span> <span class='ocrx_word' id='word_1_691' title='bbox 3144 4542 3401 4599; x_wconf 70' lang='lat' dir='ltr'>Almerte</span> <span class='ocrx_word' id='word_1_692' title='bbox 3441 4562 3830 4608; x_wconf 80' lang='lat' dir='ltr'>commoran-</span> 
     </span>
    </p>
   </div>
   <div class='ocr_carea' id='block_1_110' title="bbox 2154 4628 3830 4702">
    <p class='ocr_par' dir='ltr' id='par_1_110' title="bbox 2154 4628 3830 4702">
     <span class='ocr_line' id='line_1_110' title="bbox 2154 4628 3830 4702; baseline 0.008 -21"><span class='ocrx_word' id='word_1_693' title='bbox 2154 4631 2270 4682; x_wconf 89' lang='lat' dir='ltr'>tem</span> <span class='ocrx_word' id='word_1_694' title='bbox 2291 4628 2632 4696; x_wconf 87' lang='lat' dir='ltr'>agminibus</span> <span class='ocrx_word' id='word_1_695' title='bbox 2655 4629 2856 4684; x_wconf 91' lang='lat' dir='ltr'>multis</span> <span class='ocrx_word' id='word_1_696' title='bbox 2877 4631 3633 4702; x_wconf 73' lang='lat' dir='ltr'>praeparatis,accelerata</span> <span class='ocrx_word' id='word_1_697' title='bbox 3659 4641 3830 4696; x_wconf 76' lang='lat' dir='ltr'>incur-</span> 
     </span>
    </p>
   </div>
   <div class='ocr_carea' id='block_1_111' title="bbox 2155 4716 3829 4800">
    <p class='ocr_par' dir='ltr' id='par_1_111' title="bbox 2155 4716 3829 4800">
     <span class='ocr_line' id='line_1_111' title="bbox 2155 4716 3829 4800; baseline 0.011 -32"><span class='ocrx_word' id='word_1_698' title='bbox 2155 4716 2323 4770; x_wconf 88' lang='lat' dir='ltr'>sione</span> <span class='ocrx_word' id='word_1_699' title='bbox 2341 4721 2633 4771; x_wconf 87' lang='lat' dir='ltr'>conantur</span> <span class='ocrx_word' id='word_1_700' title='bbox 2653 4717 2932 4772; x_wconf 89' lang='lat' dir='ltr'>invadere</span> <span class='ocrx_word' id='word_1_701' title='bbox 2959 4717 3480 4779; x_wconf 80' lang='lat' dir='ltr'>Rollonem.Rollo</span> <span class='ocrx_word' id='word_1_702' title='bbox 3501 4742 3666 4785; x_wconf 66' lang='lat' dir='ltr'>vero</span> <span class='ocrx_word' id='word_1_703' title='bbox 3677 4737 3732 4785; x_wconf 89' lang='lat' dir='ltr'>et</span> <span class='ocrx_word' id='word_1_704' title='bbox 3753 4727 3829 4800; x_wconf 75' lang='lat' dir='ltr'>qui</span> 
     </span>
    </p>
   </div>
   <div class='ocr_carea' id='block_1_112' title="bbox 2153 4805 3828 4890">
    <p class='ocr_par' dir='ltr' id='par_1_112' title="bbox 2153 4805 3828 4890">
     <span class='ocr_line' id='line_1_112' title="bbox 2153 4805 3828 4890; baseline 0.005 -30"><span class='ocrx_word' id='word_1_705' title='bbox 2153 4820 2294 4860; x_wconf 89' lang='lat' dir='ltr'>cum</span> <span class='ocrx_word' id='word_1_706' title='bbox 2308 4821 2379 4859; x_wconf 88' lang='lat' dir='ltr'>eo</span> <span class='ocrx_word' id='word_1_707' title='bbox 2400 4810 2569 4860; x_wconf 89' lang='lat' dir='ltr'>erant</span> <span class='ocrx_word' id='word_1_708' title='bbox 2606 4821 2764 4876; x_wconf 85' lang='lat' dir='ltr'>genu</span> <span class='ocrx_word' id='word_1_709' title='bbox 2809 4805 2987 4875; x_wconf 79' lang='lat' dir='ltr'>ﬂexo,</span> <span class='ocrx_word' id='word_1_710' title='bbox 3036 4823 3488 4882; x_wconf 88' lang='lat' dir='ltr'>armorumque</span> <span class='ocrx_word' id='word_1_711' title='bbox 3525 4815 3828 4890; x_wconf 72' lang='lat' dir='ltr'>ingruente</span> 
     </span>
    </p>
   </div>
   <div class='ocr_carea' id='block_1_113' title="bbox 2153 4892 3826 4978">
    <p class='ocr_par' dir='ltr' id='par_1_113' title="bbox 2153 4892 3826 4978">
     <span class='ocr_line' id='line_1_113' title="bbox 2153 4892 3826 4978; baseline 0.007 -31"><span class='ocrx_word' id='word_1_712' title='bbox 2153 4892 2416 4958; x_wconf 87' lang='lat' dir='ltr'>horrore,</span> <span class='ocrx_word' id='word_1_713' title='bbox 2471 4899 2772 4949; x_wconf 88' lang='lat' dir='ltr'>scutorum</span> <span class='ocrx_word' id='word_1_714' title='bbox 2827 4895 3087 4963; x_wconf 90' lang='lat' dir='ltr'>tegmine</span> <span class='ocrx_word' id='word_1_715' title='bbox 3126 4900 3425 4970; x_wconf 84' lang='lat' dir='ltr'>cooperti,</span> <span class='ocrx_word' id='word_1_716' title='bbox 3497 4909 3826 4978; x_wconf 62' lang='lat' dir='ltr'>stﬁctzequs</span> 
     </span>
    </p>
   </div>
   <div class='ocr_carea' id='block_1_114' title="bbox 2155 4981 3828 5066">
    <p class='ocr_par' dir='ltr' id='par_1_114' title="bbox 2155 4981 3828 5066">
     <span class='ocr_line' id='line_1_114' title="bbox 2155 4981 3828 5066; baseline 0.007 -28"><span class='ocrx_word' id='word_1_717' title='bbox 2155 4981 2299 5038; x_wconf 87' lang='lat' dir='ltr'>aciei</span> <span class='ocrx_word' id='word_1_718' title='bbox 2328 4983 2714 5038; x_wconf 88' lang='lat' dir='ltr'>mucronibus</span> <span class='ocrx_word' id='word_1_719' title='bbox 2731 4983 2996 5039; x_wconf 90' lang='lat' dir='ltr'>coruscis</span> <span class='ocrx_word' id='word_1_720' title='bbox 3018 4985 3828 5066; x_wconf 67' lang='lat' dir='ltr'>complicati,exspecialmnt</span> 
     </span>
    </p>
   </div>
   <div class='ocr_carea' id='block_1_115' title="bbox 2153 5069 3830 5146">
    <p class='ocr_par' dir='ltr' id='par_1_115' title="bbox 2153 5069 3830 5146">
     <span class='ocr_line' id='line_1_115' title="bbox 2153 5069 3830 5146; baseline 0.005 -23"><span class='ocrx_word' id='word_1_721' title='bbox 2153 5069 2389 5124; x_wconf 89' lang='lat' dir='ltr'>initium</span> <span class='ocrx_word' id='word_1_722' title='bbox 2419 5070 3058 5126; x_wconf 83' lang='lat' dir='ltr'>certaminis.Frisones</span> <span class='ocrx_word' id='word_1_723' title='bbox 3077 5087 3222 5142; x_wconf 89' lang='lat' dir='ltr'>ergo</span> <span class='ocrx_word' id='word_1_724' title='bbox 3239 5078 3716 5146; x_wconf 80' lang='lat' dir='ltr'>parvissimam</span> <span class='ocrx_word' id='word_1_725' title='bbox 3735 5102 3830 5140; x_wconf 47' lang='lat' dir='ltr'>ese-</span> 
     </span>
    </p>
   </div>
   <div class='ocr_carea' id='block_1_116' title="bbox 2157 5157 3829 5231">
    <p class='ocr_par' dir='ltr' id='par_1_116' title="bbox 2157 5157 3829 5231">
     <span class='ocr_line' id='line_1_116' title="bbox 2157 5157 3829 5231; baseline 0.007 -19"><span class='ocrx_word' id='word_1_726' title='bbox 2157 5162 2435 5228; x_wconf 87' lang='lat' dir='ltr'>putantes</span> <span class='ocrx_word' id='word_1_727' title='bbox 2489 5157 2933 5214; x_wconf 88' lang='lat' dir='ltr'>multitudinem</span> <span class='ocrx_word' id='word_1_728' title='bbox 2968 5157 3233 5230; x_wconf 90' lang='lat' dir='ltr'>illorum,</span> <span class='ocrx_word' id='word_1_729' title='bbox 3275 5161 3573 5228; x_wconf 82' lang='lat' dir='ltr'>inierunt</span> <span class='ocrx_word' id='word_1_730' title='bbox 3631 5174 3829 5231; x_wconf 78' lang='lat' dir='ltr'>bellum</span> 
     </span>
    </p>
   </div>
   <div class='ocr_carea' id='block_1_117' title="bbox 2155 5247 3832 5320">
    <p class='ocr_par' dir='ltr' id='par_1_117' title="bbox 2155 5247 3832 5320">
     <span class='ocr_line' id='line_1_117' title="bbox 2155 5247 3832 5320; baseline 0.009 -18"><span class='ocrx_word' id='word_1_731' title='bbox 2155 5247 2268 5302; x_wconf 86' lang='lat' dir='ltr'>sibi</span> <span class='ocrx_word' id='word_1_732' title='bbox 2298 5263 2420 5302; x_wconf 90' lang='lat' dir='ltr'>non</span> <span class='ocrx_word' id='word_1_733' title='bbox 2447 5249 2846 5320; x_wconf 83' lang='lat' dir='ltr'>profuturum.</span> <span class='ocrx_word' id='word_1_734' title='bbox 2882 5249 3021 5304; x_wconf 86' lang='lat' dir='ltr'>Daci</span> <span class='ocrx_word' id='word_1_735' title='bbox 3049 5265 3190 5306; x_wconf 86' lang='lat' dir='ltr'>vero</span> <span class='ocrx_word' id='word_1_736' title='bbox 3215 5253 3595 5318; x_wconf 81' lang='lat' dir='ltr'>exsilientes</span> <span class='ocrx_word' id='word_1_737' title='bbox 3615 5265 3684 5320; x_wconf 89' lang='lat' dir='ltr'>in</span> <span class='ocrx_word' id='word_1_738' title='bbox 3735 5264 3832 5320; x_wconf 57' lang='lat' dir='ltr'>illo:</span> 
     </span>
    </p>
   </div>
   <div class='ocr_carea' id='block_1_118' title="bbox 2153 5334 3830 5417">
    <p class='ocr_par' dir='ltr' id='par_1_118' title="bbox 2153 5334 3830 5417">
     <span class='ocr_line' id='line_1_118' title="bbox 2153 5334 3830 5417; baseline 0.008 -27"><span class='ocrx_word' id='word_1_739' title='bbox 2153 5334 2450 5392; x_wconf 87' lang='lat' dir='ltr'>intuentes</span> <span class='ocrx_word' id='word_1_740' title='bbox 2498 5353 2689 5410; x_wconf 89' lang='lat' dir='ltr'>usque</span> <span class='ocrx_word' id='word_1_741' title='bbox 2714 5338 2792 5393; x_wconf 89' lang='lat' dir='ltr'>ad</span> <span class='ocrx_word' id='word_1_742' title='bbox 2845 5338 3322 5399; x_wconf 86' lang='lat' dir='ltr'>internecionem</span> <span class='ocrx_word' id='word_1_743' title='bbox 3351 5357 3830 5417; x_wconf 71' lang='lat' dir='ltr'>prostraverunt.</span> 
     </span>
    </p>
   </div>
  </div>
