3968 6376
71 269 191 320 637
700 267 787 321 DE
829 266 1067 322 GESTlS
1106 267 1536 323 NORMANNI/E
1578 265 1821 321 DUCUM
1860 264 2041 318 LIBRI
2080 265 2277 321 TBES.
2320 294 2388 305 --
2428 265 2560 322 LIB.
2604 268 2667 321 ll.
2710 266 2941 322 ROLLO
3441 270 3550 323 638

72 389 425 460 pluresque
465 389 769 460 principes
820 394 1106 460 ceperunt
1144 390 1768 461 innumerabilemque
1808 393 1854 443 Α
1886 403 2003 459 que
2036 388 2200 443 Rollo
2223 388 2581 443 fcederatum
2612 388 3088 461 muneribusque
3118 394 3174 444 et
3201 389 3376 445 donis
3405 405 3553 462 prai-

74 492 356 532 manum
380 477 457 533 ad
489 492 676 533 naves
705 478 1306 533 duxeruntfﬁsones
1329 479 1511 547 igitur
1529 478 1769 545 residui,
1885 477 2166 531 maximis
2220 477 2495 545 ditatum,
2558 478 2704 550 quin
2747 478 2925 533 etiam
2974 478 3207 533 reddita
3237 478 3553 535 medietate

73 566 441 621 difﬁdentes
475 566 587 634 sui,
619 566 832 621 exhinc
866 566 1156 622 tributarii
1187 567 1377 623 effecti
1428 572 1584 629 sunt,
1639 566 1771 620 1101-
1880 564 2217 633 legatorum
2250 583 2592 636 munerum,
2626 566 2704 622 ad
2731 582 2980 621 uxorem
3015 583 3190 637 suam
3220 567 3420 623 laetum
3458 584 3552 624 re-

74 655 253 710 lonis
285 657 601 727 praeceptis
633 671 740 727 per
764 656 970 710 omnia
1000 656 1366 712 obedientes.
1400 661 1692 723 (longesto
1718 660 1775 710 et
1885 655 2045 709 misit
2074 655 2454 725 Raginerum.
2490 656 2590 710 His
2641 656 2832 711 taliter
2875 672 3024 728 pace
3084 658 3329 728 sedatis,
3387 657 3553 715 Belle

75 747 484 812 exaggerato,
518 748 698 815 atque
724 743 866 799 dato
902 744 1093 800 Frisiae
1138 744 1358 800 tributo
1407 744 1561 799 illico
1601 743 1776 797 librat
1884 760 2118 798 memor
2171 745 2436 812 visionis,
2500 761 2858 817 semperque
2913 761 3161 817 sperans
3222 746 3553 802 affuturum

77 832 146 886 in
180 832 384 887 altum
427 831 683 887 carbasa
725 832 984 887 navibus
1025 832 1190 903 data,
1236 833 1525 904 vertitque
1564 847 1774 903 proras

78 920 169 975 ad
203 920 447 976 Raineri
477 919 695 992 prolixi
714 920 913 991 juguli
942 926 1153 992 terras,
1187 922 1389 977 ulcisci
1433 938 1495 976 se
1526 920 1773 992 cupiens

80 1010 165 1064 de
216 1010 381 1082 ipso,
431 1009 536 1081 qui
562 1010 731 1065 atl'uit
778 1010 1046 1079 Uvalgris
1076 1025 1215 1066 cum
1268 1011 1608 1067 Frisonibus
1644 1010 1774 1079 jam

81 1098 417 1171 prostratis
444 1099 507 1153 in
535 1099 761 1170 praelio.
787 1102 1089 1155 Pererrato
1120 1105 1325 1171 ponto,
1368 1101 1547 1155 intrat
1580 1098 1776 1155 Scaldi

83 1190 343 1246 alveum
399 1190 483 1245 cis
531 1190 797 1262 citraque
859 1196 1077 1247 terram
1153 1192 1531 1264 depopulans
1597 1205 1777 1263 super

87 1278 291 1349 Longi
344 1277 479 1334 colli
510 1278 853 1347 Rainerum,
882 1282 1043 1335 venit
1090 1281 1169 1336 ad
1208 1281 1540 1353 quamdam
1591 1279 1776 1334 abba-

89 1367 246 1422 tiam
311 1366 533 1423 dictam
582 1367 827 1423 nomine
886 1369 1245 1424 Condatum.
1304 1370 1590 1425 Rainerus
1632 1382 1775 1422 vero

85 1455 296 1511 multa
326 1456 534 1528 praelia
573 1461 782 1513 contra
838 1474 978 1513 eum
1032 1458 1187 1528 fecit,
1236 1459 1339 1513 sed
1390 1475 1461 1513 ex
1492 1457 1773 1513 omnibus

87 1543 270 1601 R0110
320 1544 510 1599 victor
562 1550 777 1617 potens
830 1546 1066 1602 exstitit.
1124 1547 1559 1602 Devastabatur
1624 1552 1778 1601 terra

89 1634 419 1706 utriusque
456 1635 749 1690 exercitus
776 1636 939 1692 mala
964 1653 1267 1709 perpessa.
1322 1636 1646 1692 Praevalida
1688 1636 1776 1690 fa-

90 1738 229 1780 mes
260 1724 550 1792 exoritur,
582 1725 727 1797 quia
761 1730 916 1782 terra
944 1731 1143 1782 aratro
1169 1743 1293 1782 non
1325 1727 1631 1782 scinditur.
1651 1725 1777 1779 Vul-

92 1829 213 1883 gus
277 1814 533 1885 penuria
578 1813 881 1886 afﬂigitur,
935 1817 1092 1871 fame
1144 1816 1437 1888 bellisque
1490 1816 1773 1872 atteritur.

93 1901 399 1958 Diﬂidunt
441 1902 635 1958 vivere
687 1904 933 1974 01111011,
1018 1906 1207 1960 salute
1283 1905 1473 1960 victus
1539 1903 1773 1976 privati.

93 1992 384 2057 Quadam
414 1990 598 2059 igitur
624 1992 719 2048 die
754 1992 1003 2049 Rainero
1034 1994 1167 2048 loco
1218 1994 1577 2049 insidiarum
1621 1993 1777 2047 clam

92 2086 542 2150 commorante,
579 2096 760 2152 super
814 2083 1005 2136 Dacos
1054 2084 1328 2153 cupiente
1377 2084 1618 2145 irruere,
1670 2084 1779 2136 Da-

95 2169 301 2224 cicum
364 2168 500 2224 hinc
558 2169 697 2224 inde
775 2172 1079 2239 congressi
1138 2173 1546 2237 vallavcrnnt,
1608 2186 1776 2225 eum-

97 2273 222 2329 que
278 2258 537 2313 nimium
595 2259 997 2315 dcbellantcm
1064 2262 1528 2331 manciparunt,
1612 2260 1777 2314 vinc-

101 2350 360 2418 tumque
408 2346 486 2402 ad
544 2347 851 2403 Rollonem
905 2349 1224 2404 duxerunt.
1303 2354 1437 2420 ipsa
1513 2363 1778 2419 namque

102 2436 202 2491 die
260 2435 652 2505 Ragineridae,
712 2439 1006 2493 Dacorum
1066 2443 1130 2493 ut
1186 2444 1467 2511 caperent
1540 2439 1775 2509 aliquos

102 2523 351 2579 latebris
381 2531 847 2587 commorantes,
874 2525 1220 2581 invaserunt
1263 2528 1581 2581 duodecim
1624 2525 1777 2579 mili-

108 2618 195 2669 tes
220 2613 562 2685 prtecipuos
592 2613 873 2680 Rollonis,
917 2619 972 2669 et
1024 2617 1319 2671 constanti
1363 2616 1573 2670 virtute
1605 2630 1777 2685 cepe-

105 2705 267 2758 runt.
303 2705 464 2757 Tunc
495 2718 649 2757 uxor
679 2703 950 2771 Ragineri
994 2704 1165 2769 ﬂens,
1217 2710 1273 2758 et
1316 2704 1548 2773 eiulans
1600 2719 1779 2773 super

107 2807 199 2857 eo,
236 2792 583 2846 conVocatis
606 2791 977 2863 principibus
1009 2792 1324 2862 suis,misit
1345 2793 1420 2846 ad
1449 2792 1774 2856 ltollonem,

108 2885 175 2935 ut
225 2896 337 2951 pro
394 2879 715 2941 duodecim
773 2881 1092 2935 comitibus
1150 2882 1339 2953 captis
1392 2881 1663 2935 redderet
1708 2880 1779 2934 si-

108 2968 168 3022 bi
220 2984 404 3022 suum
459 2970 775 3023 seniorem.
836 2970 993 3023 111100
1049 2970 1234 3039 110110,
1292 2974 1567 3039 suscepta
1623 2969 1781 3033 lcga-

109 3057 290 3124 tione,
320 3056 549 3112 remisit
596 3057 675 3111 ad
707 3073 843 3112 eam
873 3057 1077 3112 dicens
1111 3076 1122 3112 :
1160 3063 1286 3113 11011
1344 3058 1624 3113 reddetur
1674 3058 1778 3112 tibi
1811 3099 1847 3148 η

108 3145 462 3214 Raginerus,
490 3145 597 3200 sed
622 3146 1032 3212 decollabitur,
1080 3147 1193 3201 nisi
1238 3147 1566 3201 reddideris
1610 3146 1777 3218 prius

110 3250 281 3290 meos
315 3235 560 3289 comites
591 3236 735 3290 mihi
788 3235 1035 3307 insuper
1066 3236 1300 3291 dederis
1324 3236 1619 3307 quidquid
1651 3235 1775 3290 auri

107 3329 197 3379 est
222 3329 283 3379 et
311 3325 538 3393 argenti
567 3324 659 3379 sui
681 3324 1041 3393 ducaminis,
1071 3342 1208 3380 cum
1235 3326 1583 3393 juramento
1613 3327 1778 3379 Chri-

110 3413 317 3469 stianae
348 3412 672 3482 religionis,
705 3413 852 3485 quin
884 3414 1063 3468 etiam
1118 3415 1407 3469 tributum
1466 3415 1632 3469 istius
1690 3431 1777 3469 re-

110 3502 327 3569 gionis.
384 3505 513 3558 Mox
565 3504 789 3573 conjux
840 3503 1111 3569 Hagineri
1184 3503 1424 3573 lugubri
1481 3504 1777 3569 legatione

111 3592 331 3647 atllicta
360 3592 607 3647 comites
637 3597 845 3664 captos
880 3593 1110 3647 Rolloni
1152 3593 1395 3659 remisit,
1439 3610 1777 3664 aurumque

112 3687 167 3736 et
194 3686 513 3751 argentum
542 3683 709 3753 quod
740 3698 999 3753 usquam
1044 3683 1307 3736 invenire
1360 3682 1568 3753 potuit.
1626 3682 1779 3747 Quin

112 3771 291 3825 etiam
320 3769 469 3826 illud
486 3771 653 3841 quod
684 3776 810 3825 erat
838 3771 1021 3825 sacris
1063 3771 1353 3826 altaribus
1399 3786 1774 3836 concessum,

110 3860 450 3931 pariterque
475 3859 730 3927 vectigal
762 3859 917 3913 illius
945 3859 1283 3914 ducaminis
1330 3875 1466 3913 cum
1503 3859 1776 3928 jureran-

110 3947 212 4017 do,
245 3948 411 4019 quod
442 3947 580 4019 plus
611 3948 835 4003 metalli
887 3963 1009 4003 non
1063 3948 1331 4016 haberet,
1383 3963 1492 4002 nec
1544 3946 1778 4015 exigere

110 4036 713 4109 posset,supplicibus
744 4037 942 4092 verbis
974 4041 1031 4092 et
1062 4037 1455 4108 deprecativis
1500 4036 1657 4091 misit
1701 4038 1777 4091 ad

112 4127 438 4193 Hollonem,
472 4131 539 4181 ut
561 4127 838 4181 redderet
861 4126 975 4181 sibi
1005 4143 1183 4180 suum
1223 4126 1438 4180 virum.
1487 4130 1615 4198 Ipse
1668 4146 1775 4179 uu-

112 4222 227 4272 tem
256 4222 458 4272 motus
484 4216 699 4287 pietate
730 4216 1097 4288 vocibusque
1140 4216 1484 4288 suppliciter
1530 4231 1779 4288 precan-

110 4306 279 4375 tium,
313 4305 391 4361 ad
424 4320 486 4360 se
530 4304 666 4360 fecit
708 4304 907 4359 venire
970 4303 1152 4373 Longi
1210 4305 1343 4360 colli
1395 4306 1776 4374 Baginerum,

111 4394 424 4465 verbisque
451 4392 718 4464 pacificis
744 4393 962 4448 aﬁ‘atur
1007 4409 1147 4447 eum
1181 4409 1193 4446 :
1228 4415 1254 4441 «
1290 4393 1579 4460 Raginere
1631 4393 1776 4461 dux,

1882 832 1993 888 sibi
2024 834 2191 905 quod
2220 834 2450 891 viderat
2501 834 2563 890 in
2604 834 2857 901 somnis,
2915 835 3063 907 quid
3110 834 3329 891 debeat
3374 850 3551 905 agere

1885 921 2075 977 solers
2100 922 2366 995 inquirit.

2025 1065 2029 1068 .
2518 1029 2905 1068 APOSTROPHA.

1888 1099 2075 1169 Rollo,
2105 1100 2249 1172 quid
2282 1100 2343 1155 in
2366 1102 2532 1156 terris
2563 1101 2876 1157 morulans
2903 1102 3160 1157 versaris
3186 1101 3248 1157 in
3272 1102 3416 1169 istis,

1884 1191 2033 1246 Cum
2056 1205 2237 1261 supra
2267 1191 2407 1245 satis
2439 1190 2597 1245 ultus
2626 1191 2771 1246 ades
2796 1197 3041 1247 cunctos
3070 1191 3345 1247 inimicos
3366 1192 3394 1246 ‘I

1886 1278 2120 1344 Desine,
2154 1294 2332 1349 parce
2361 1278 2487 1348 tibi,
2521 1279 2714 1347 magis
2743 1280 2873 1334 haec
2900 1280 3189 1336 sententia
3214 1284 3477 1352 prrestat,

1884 1370 2143 1423 Venturo
2171 1369 2461 1438 quoniam
2489 1368 2736 1439 proclivi
2763 1369 3048 1440 temporis
3067 1385 3193 1425 aevo

1885 1456 2089 1511 Praelia
2116 1458 2444 1512 Franciscae
2478 1458 2668 1525 gentis
2698 1458 2821 1513 dire
2853 1458 3113 1530 patieris,

1884 1550 2074 1617 Atque
2104 1546 2366 1613 fatigeris
2395 1546 2649 1601 nimium
2679 1546 2849 1601 bellis
2882 1545 3214 1618 Aquitanis.

1888 1634 2029 1688 Hinc
2061 1634 2239 1688 fontis
2266 1633 2498 1705 liquidi,
2530 1640 2587 1689 et
2612 1635 2765 1689 sacri
2794 1651 2990 1689 rorem
3023 1634 3350 1701 subiturus,

1887 1722 2214 1777 Chrismate
2240 1724 2537 1795 perfusus,
2568 1724 2801 1796 oleique
2831 1723 3061 1795 liquore
3092 1727 3370 1790 novatus,
3430 1762 3439 1768 .

1887 1810 2149 1865 Pl‘tPlllltB
2176 1816 2476 1883 perpetuae
2507 1812 2706 1884 capies
2736 1829 2875 1867 cum
2900 1827 3149 1867 munere
3178 1811 3332 1866 vitaz.

1956 1903 2128 1953 Anno
2158 1898 2337 1968 igitur
2364 1899 2865 1969 octingentesimo
2910 1898 3352 1971 septuagesimo
3381 1901 3549 1952 sexto

1888 1986 1965 2040 ab
1996 1986 2402 2042 incarnatione
2434 1989 2690 2057 Domini,
2722 1988 2938 2043 nobilis
2964 1987 3129 2043 Rollo
3168 1985 3445 2041 consultu
3484 1984 3551 2039 ti-

1887 2076 2111 2130 delium
2144 2093 2390 2131 suorum
2422 2077 2659 2133 libravit
2681 2077 2812 2132 vela
2839 2077 3029 2131 ventis
3075 2075 3392 2144 navigeris,
3437 2074 3549 2129 ﬂu-

1886 2165 2066 2219 minis
2118 2166 2311 2220 Scaldi
2369 2167 2606 2221 alveum
2654 2167 2955 2233 deserens,
3004 2172 3183 2239 atque
3231 2179 3552 2237 permenso

1887 2259 2072 2326 ponto
2103 2271 2225 2326 qua
2282 2256 2560 2326 Sequana
2614 2254 2867 2309 caaruleo
2928 2255 3178 2325 gurgite,
3228 2252 3556 2326 perspicui-

1889 2360 2037 2414 sque
2064 2343 2339 2398 cursibus
2364 2344 2579 2413 ﬂuens,
2630 2344 3079 2415 odoriferasque
3139 2341 3551 2397 excellentium

1886 2432 2155 2502 riparum
2178 2431 2396 2486 herbas
2423 2432 2721 2501 lambens,
2756 2432 3059 2503 fluctuque
3089 2430 3382 2485 inﬂatiore
3419 2444 3551 2484 ma—

1886 2519 1965 2572 ris
1998 2536 2155 2590 saepe
2188 2519 2566 2573 reverberato
2596 2519 2931 2573 secundum
2958 2518 3309 2573 discrimina
3353 2519 3547 2583 Lunae,

1888 2606 2238 2661 inundantis
2290 2607 2477 2661 maris
2508 2606 2723 2677 pelago
2774 2623 2834 2660 se
2883 2606 3162 2676 immittit,
3196 2603 3552 2674 aggrediens

1888 2696 2145 2751 navibus
2177 2695 2432 2751 Gimeias
2462 2695 2640 2761 venit,
2666 2696 2995 2766 vidensque
3050 2697 3104 2750 S.
3162 2693 3311 2749 Petri
3336 2708 3550 2748 mona-

1888 2786 2132 2839 stcrium
2159 2784 2515 2840 monachilis
2544 2784 2929 2839 habitationis
2960 2783 3242 2839 domibus
3293 2782 3551 2838 adorna-

1889 2879 2035 2941 tum,
2072 2879 2469 2946 sanctumque
2490 2879 2778 2946 reputans
2808 2890 2939 2928 esse
2970 2874 3192 2938 locum,
3239 2871 3460 2927 morari
3488 2870 3552 2925 il-

1886 2963 1959 3017 lic
1991 2963 2256 3031 distulit;
2290 2963 2393 3017 sed
2428 2963 2577 3017 ultra
2616 2962 2845 3017 ﬂumen
2884 2962 2962 3017 ad
3003 2961 3297 3034 capellam
3350 2962 3406 3016 S.
3446 2962 3551 3014 Ve-

1888 3052 2041 3107 dasti
2072 3068 2257 3107 naves
2285 3051 2609 3124 applicuit;
2639 3067 2978 3123 corpusque
3030 3051 3345 3121 cujusdam
3382 3048 3555 3118 virgi-

1889 3142 1981 3195 nis
2011 3142 2253 3196 nomine
2288 3140 2704 3206 Hameltrudis,
2753 3141 2916 3212 quod
2958 3157 3162 3195 secum
3193 3139 3552 3210 adportave-

1887 3236 1995 3293 rat,
2026 3247 2205 3302 super
2234 3230 2417 3285 altare
2449 3233 2502 3286 S.
2537 3229 2772 3284 Vedasti
2794 3230 3011 3302 posuit,
3030 3230 3289 3300 huicque
3311 3226 3553 3299 capellae

1887 3336 1959 3374 ex
1987 3320 2230 3375 nomine
2264 3319 2508 3387 virginis
2537 3334 2760 3373 nomen
2814 3319 3250 3390 sempiternum
3298 3316 3551 3373 inhaesit.

1890 3408 2228 3480 Diciturque
2246 3408 2341 3463 ille
2370 3407 2537 3461 locus
2568 3407 2643 3462 ad
2678 3412 2955 3461 sanctum
2984 3406 3428 3462 llameltrudem
3475 3404 3554 3459 ab

1886 3496 2115 3551 incolis.
2165 3496 2487 3551 Audientes
2518 3495 2695 3565 igitur
2742 3511 3039 3567 pauperes
3083 3494 3381 3564 homines,
3430 3494 3557 3549 ino-

1887 3601 2114 3658 pesque
2144 3590 2506 3640 mercatores
2564 3587 2813 3638 Rotomo
2861 3587 3327 3652 commorantes,
3377 3582 3555 3637 illius-

1888 3691 2005 3746 que
2030 3675 2290 3743 regionis
2320 3673 2710 3735 habitatores,
2763 3673 3072 3744 copiosam
3107 3670 3551 3727 multitudinem

1888 3767 2373 3819 Normannorum
2407 3763 2615 3817 adesse
2643 3762 2959 3830 Gimegias,
2999 3764 3293 3816 venerunt
3340 3758 3554 3814 unani-

1889 3870 2019 3908 mes
2050 3852 2130 3907 ad
2160 3854 2530 3908 Franconem
2583 3851 2934 3923 episcopum
2984 3850 3551 3917 Rothomagensem,

1889 3942 2217 3998 consulturi
2248 3942 2393 4014 quid
2425 3946 2688 4009 agerent.
2724 3944 2948 3995 Franco
2976 3956 3116 3995 vero
3147 3939 3343 3995 statim
3397 3938 3557 3993 misit

1890 4032 1970 4087 ad
2002 4032 2339 4097 Rollonem,
2372 4034 2443 4085 ut
2469 4029 2638 4084 daret
2668 4028 2781 4083 sibi
2833 4044 3115 4100 pagoque
3174 4026 3559 4083 manentibus

1890 4121 2288 4177 securitatem.
2326 4119 2489 4175 Rollo
2520 4135 2662 4174 vero
2694 4119 3068 4190 comperiens
3098 4117 3265 4190 quod
3315 4117 3375 4171 in
3406 4116 3556 4171 urbe

1889 4225 2000 4265 nec
2030 4211 2091 4265 in
2118 4210 2342 4264 ﬁnibus
2372 4209 2503 4279 ejus
2536 4211 2871 4263 moraretur
2899 4206 3017 4261 nisi
3064 4206 3287 4260 inerme
3321 4203 3553 4273 vulgus,

1889 4299 2055 4355 dedit
2106 4299 2392 4371 episcopo
2466 4313 2589 4352 sua)
2661 4297 2804 4351 ﬁdei
2882 4301 3083 4351 tenore
3152 4293 3550 4350 securitatem.

1893 4388 2161 4460 Hincque
2194 4403 2465 4457 gressum
2493 4385 2817 4458 profuturae
2851 4385 2965 4439 sibi
3002 4381 3403 4451 navigationis
3433 4380 3556 4451 agi-

112 4482 399 4553 milesque
438 4481 786 4553 asperrime,
836 4497 1169 4552 regumque
1219 4486 1275 4536 et
1318 4482 1543 4536 ducum
1600 4486 1779 4552 atque
1810 4451 1855 4505 D
1892 4484 2045 4541 tans,
2098 4480 2348 4531 Rotomo
2403 4474 2582 4542 venit,
2635 4480 2941 4545 portaeque
2970 4515 2983 4539 ,
3049 4472 3142 4526 cui
3202 4471 3419 4526 innexa
3467 4473 3557 4525 est

111 4572 397 4626 comitum
425 4572 686 4641 superbo
719 4577 883 4626 satus
918 4570 1234 4639 sanguine,
1275 4570 1421 4641 quid
1476 4570 1581 4625 tibi
1624 4572 1778 4624 fece—

110 4678 236 4717 ram
295 4659 442 4715 olim
492 4659 781 4730 injuriae?
835 4663 1074 4731 Propter
1141 4659 1285 4730 quid
1352 4658 1655 4730 thBllalllS
1712 4675 1775 4713 es

112 4766 248 4804 cum
308 4747 580 4816 Uvalgris
638 4752 693 4803 et
778 4747 1119 4805 Frisonibus
1193 4753 1403 4803 contra
1482 4762 1577 4801 me
1608 4747 1636 4801 ‘?
1722 4745 1779 4801 Si

123 4835 327 4891 saevire
385 4835 572 4891 modo
626 4835 808 4905 vales,
861 4852 1170 4891 armorum
1216 4835 1448 4907 spicula
1477 4834 1696 4889 desunt
1726 4838 1783 4889 et

114 4923 410 4980 satellites.
456 4924 512 4980 Si
539 4924 683 4980 velis
710 4941 746 4979 a
776 4925 953 4980 nobis
984 4925 1126 4994 fuga
1180 4925 1322 4989 labi,
1383 4923 1779 4994 compedibus

111 5012 416 5067 intricatus
448 5028 573 5068 non
607 5018 774 5083 potes
802 5013 1075 5068 evadere.
1109 5013 1415 5068 Talionem
1462 5012 1616 5066 sicut
1668 5010 1780 5065 Fri-

111 5101 357 5156 sonibus
414 5101 523 5157 tibi
570 5102 804 5158 reddidi
833 5117 944 5175 pro
971 5102 1169 5173 malis,
1194 5118 1330 5173 quae
1359 5100 1505 5156 mihi
1551 5100 1677 5155 sine
1717 5114 1780 5155 re

110 5190 369 5245 intulisti.
406 5193 564 5247 Uxor
595 5195 698 5246 tua
727 5195 785 5246 et
828 5191 1126 5263 principes
1182 5191 1264 5245 tui
1317 5188 1613 5262 quidquid
1672 5206 1780 5246 au-

114 5278 177 5333 ri,
223 5285 276 5334 et
330 5279 563 5349 argenti
621 5294 975 5351 recuperare
1002 5284 1344 5352 potuerunt,
1368 5278 1787 5351 promiserunt

115 5368 273 5423 mihi.
327 5368 657 5423 Dimidium
709 5371 1017 5437 exagerati
1049 5369 1317 5424 muneris
1357 5367 1607 5423 reddam
1658 5367 1782 5434 tibi,

116 5456 280 5525 teque
336 5461 453 5512 tuae
504 5456 806 5512 remittam
868 5458 1060 5513 uxori.
1139 5458 1283 5512 Hinc
1352 5473 1784 5512 mansuescens

116 5546 435 5616 requiesce,
495 5551 551 5602 et
600 5545 946 5601 nullatenus
1003 5547 1076 5603 sit
1136 5547 1464 5615 discordia,
1500 5548 1603 5602 sed
1636 5563 1787 5602 sem-

115 5633 333 5705 piterna
355 5637 512 5692 inter
542 5652 640 5692 me
670 5640 728 5691 et
748 5640 801 5692 te
830 5653 951 5708 pax
984 5640 1039 5693 et
1067 5637 1347 5693 amicitia.
1392 5659 1421 5687 »
1470 5637 1570 5691 His
1610 5636 1781 5691 (lictis

113 5726 379 5797 Ragineri
440 5740 619 5782 crura
664 5725 975 5782 solvuntur
1034 5726 1453 5800 compedibus.
1539 5724 1778 5782 Statim-

1889 4566 2137 4621 ecclesia
2169 4568 2223 4621 S.
2258 4564 2504 4631 Martini,
2563 4578 2747 4617 naves
2772 4562 3031 4632 plurimo
3061 4560 3243 4615 milite
3264 4558 3554 4613 fecundas

1890 4655 2157 4711 adhaesit.
2189 4653 2386 4709 Classe
2417 4656 2618 4707 autem
2650 4651 3044 4714 descendens,
3073 4647 3367 4719 celerique
3396 4662 3555 4716 gres-

1891 4762 1959 4801 su
1984 4745 2246 4799 lustrans
2274 4742 2506 4809 urbem,
2537 4741 2682 4796 vidit
2711 4740 2991 4811 disjectas
3023 4738 3213 4794 moles
3235 4736 3553 4807 ejus,avul-

1891 4850 2079 4906 saque
2144 4833 2502 4905 templorum
2562 4844 2727 4897 saxa,
2805 4828 3088 4885 ecclesias
3156 4826 3553 4882 fundamento

1891 4928 2140 4988 emotas,
2178 4934 2502 4991 murosque
2532 4919 2671 4973 hinc
2718 4917 2855 4973 inde
2895 4917 3216 4987 disruptos,
3267 4929 3555 4985 parvam-

1893 5029 2009 5084 que
2036 5027 2290 5066 manum
2320 5014 2377 5064 et
2402 5010 2717 5072 inermem,
2751 5006 3047 5078 coepitque
3075 5004 3281 5059 animo
3305 5004 3552 5070 haerere,

1892 5102 2073 5173 inque
2104 5099 2325 5155 unione
2354 5098 2569 5153 intuitu
2598 5097 2793 5151 visum
2835 5093 3114 5163 deﬁgere,
3163 5092 3555 5147 reminiscens

1894 5190 2138 5247 visionis
2163 5204 2352 5261 quam
2379 5186 2611 5242 viderat
2640 5186 2792 5240 ultra
2819 5199 3004 5239 mare.

2526 5286 2909 5329 APOSTROPHA.

1895 5370 1938 5425 Ο
1961 5368 2087 5422 dux
2115 5366 2299 5429 Rollo,
2328 5369 2561 5436 potens,
2593 5367 2649 5418 et
2677 5358 3171 5433 praestantissime
3201 5357 3507 5431 princeps,

1898 5462 2033 5514 Haec
2065 5455 2209 5510 urbs
2236 5452 2505 5527 principe
2538 5455 2591 5507 te
2624 5451 2851 5507 Christo
2878 5450 3141 5505 donante
3172 5447 3414 5518 vigebit,

1897 5550 2049 5611 Pace.
2071 5548 2345 5599 serenato
2376 5552 2563 5610 regno
2587 5539 3004 5609 aediﬁcabitur,
3033 5537 3199 5594 olim.

1897 5635 2053 5691 Bello
2083 5630 2459 5704 consumptis
2489 5628 2752 5695 Francis,
2780 5628 3129 5702 populoque
3154 5627 3423 5682 domato.

1898 5727 1982 5780 En
2022 5737 2166 5778 mox
2198 5719 2487 5786 ecclesiae,
2510 5728 2635 5790 quo
2664 5722 2719 5774 te
2750 5717 3015 5789 gaudere
3038 5715 3287 5773 videbas
3320 5731 3334 5781 ;
