1939 3196
206 142 258 169 639

208 204 250 229 En
264 202 375 230 lavacri
388 210 449 238 quo
460 204 487 229 te
501 202 584 238 lepra
598 202 815 238 purgaricr,hic
830 202 907 235 fons,

207 246 396 274 Ediﬂcanda
410 247 467 273 tuis
483 247 546 273 l1th
562 246 657 282 patria
670 246 748 274 fonte
764 246 887 274 novatis.

209 290 285 318 Urbe
300 290 385 317 dabis
400 290 518 326 populis
532 290 612 324 leges
625 292 651 318 et
668 290 780 318 fcedera
795 290 825 317 in
837 291 902 323 ista,

207 336 335 370 Juraque
351 334 488 362 distrietze
501 334 610 370 pariter
626 335 781 362 formidine
794 343 900 371 poenae.

208 381 350 415 Tempore
361 379 519 407 miriﬁcum
533 382 658 407 venturo
672 380 795 416 jamque
810 381 965 415 nepotum.

208 426 321 459 Aspera
336 424 469 459 sepositis
480 424 624 451 nitescent
637 424 745 451 saecula
760 424 854 457 bellis,

210 469 242 495 Et
256 476 345 503 super
360 476 444 496 arma
459 469 564 496 sedens
581 469 661 496 furor
672 469 791 505 impius,
803 468 960 504 impietatis

209 512 325 539 Viribus
339 512 492 548 explicitis,
508 521 567 540 non
582 521 767 549 quemquam
786 521 859 540 voce
874 512 1008 544 lacesset,

211 556 286 589 Quin
299 556 388 592 lupus
404 565 501 593 asper,
517 558 591 591 ovis,
612 558 700 585 simul
712 559 872 593 pascentur
887 557 915 584 in
930 564 1012 591 agro.

247 600 317 627 Inde
330 601 368 627 ad
381 609 472 628 naves
486 609 629 630 reversus.
652 601 821 628 convocatis
847 600 1033 636 principibus

211 645 316 679 quierit
329 646 427 678 sagaci
443 648 539 672 mente
556 646 678 672 consilio
695 654 817 672 suorum
840 645 911 680 quid
929 645 983 671 sibi
997 644 1033 671 sit

212 687 389 715 faciendum.
405 690 483 715 Tune
493 689 537 716 sui
552 690 639 724 quasi
655 690 785 716 futurum
809 689 934 725 praescii,
960 688 1032 714 divi-

210 740 314 767 naeque
340 732 539 767 inspirationis
567 734 715 768 praesagio
746 733 868 766 imbuti,
897 733 1034 759 dixerunt

211 776 277 803 viva
288 785 358 803 voce
373 777 485 804 Rolloui
504 787 508 804 :
527 790 538 799 ‹‹
557 780 621 805 Haec
638 781 713 805 terra
726 779 810 813 copia
828 778 945 811 frugum
969 785 1032 803 oni-

211 833 221 841 υ
246 820 339 847 mium
368 820 505 853 fecunda,
527 822 683 848 arboribus
713 830 880 854 nemorOsa,
905 821 1034 847 flumini—

211 876 221 886 α
246 865 301 891 bus
317 865 396 900 pisce
413 866 530 900 repletis
545 867 757 897 discriminata,
774 870 879 893 venatu
903 866 1033 892 diversa—

211 920 222 931 ‹‹
247 917 311 935 ran
329 909 455 936 ferarum
474 910 652 937 sutiieienter
667 911 797 945 copiosa,
814 911 862 937 sed
881 909 1033 944 armigeris

210 965 221 974 ιι
246 952 386 980 inilitibus
405 963 508 981 vacua.
527 956 582 981 Nos
597 955 673 981 hanc
688 955 824 990 potestati
839 957 947 981 nostrw
964 954 1033 979 sub~

211 1008 223 1019 ‹‹
243 996 389 1031 jiciemus,
415 998 551 1033 hancque
581 999 649 1026 sorti
675 1002 781 1025 tiOSll‘tB
804 998 1032 1025 vindicabimus.

212 1052 224 1063 ι(
247 1041 448 1068 Finitimaruui
476 1043 607 1074 gentium
637 1043 757 1078 oppida,
782 1043 873 1071 vicos.
897 1045 925 1069 et
940 1044 1034 1068 castra

213 1096 226 1107 α
248 1087 335 1119 atque
352 1085 439 1112 urbes
455 1087 561 1120 prirliis
578 1087 780 1122 adquiremus,
806 1090 836 1113 ut
852 1086 1034 1121 requiescere

213 1138 225 1148 ιι
247 1127 360 1162 possint
374 1130 477 1155 turmae
492 1132 558 1164 post
573 1133 652 1162 terga
673 1133 772 1156 nostra
797 1130 940 1164 sepositzr.
969 1131 1034 1155 For-

212 1182 225 1194 ‹‹
248 1179 300 1197 san
317 1172 515 1207 interpretatio
532 1176 588 1200 tua:
604 1174 724 1201 visionis
742 1177 865 1201 vertetur
880 1175 907 1200 in
925 1174 1034 1199 tinibus

213 1226 225 1238 ι(
247 1214 316 1242 istis.
337 1227 348 1239 ιι
369 1216 450 1243 Rollo
463 1217 549 1250 igitur
565 1226 654 1253 super
669 1218 817 1253 responsis
843 1226 964 1244 suorum
989 1218 1034 1243 lze-

213 1262 268 1291 tus,
286 1268 303 1286 a
319 1261 442 1287 Rotomo
458 1261 580 1288 divulsis
597 1263 721 1289 navibus
738 1262 910 1289 subvehitur
925 1262 962 1288 ab
987 1265 1034 1287 λι·-

211 1303 281 1330 cllas
297 1312 401 1339 usque,
419 1314 486 1340 quae
503 1306 616 1332 Asdans
632 1307 746 1333 dicitur.
767 1306 842 1333 Illico
864 1306 943 1333 fama
964 1306 1034 1340 quid

211 1355 309 1374 rerum
325 1356 452 1383 usquam
475 1350 571 1381 agitur
595 1351 723 1381 conseia,
751 1350 879 1385 compita
908 1350 1034 1376 l’ramriie

211 1399 360 1426 aggressa,
389 1393 505 1421 intimat
531 1395 633 1421 adesse
661 1397 856 1425 Normannos,
891 1395 1034 1429 Sequanis

211 1435 295 1462 alveo
312 1436 521 1465 innumerabili
538 1439 725 1465 multitudine
742 1439 937 1465 coadunatos.
952 1440 1037 1464 Fran-

212 1479 236 1505 ci
251 1487 319 1505 vero
335 1480 452 1507 illorum
475 1482 614 1512 adventu.
643 1482 729 1509 veluti
755 1482 906 1517 repentino
929 1482 1035 1507 tonitru

212 1530 286 1549 sono
298 1524 462 1558 stupefacti.
474 1528 635 1552 convocato
653 1526 784 1557 Alstigno
796 1534 954 1561 pervasorc
965 1525 1035 1552 olim

213 1567 351 1601 Francius,
369 1572 548 1602 congregato
568 1570 722 1596 immensae
744 1570 940 1596 multitudinis
954 1578 1034 1596 exer-

212 1610 280 1643 citu,
299 1614 673 1648 veneruntsuperUtliurae
704 1614 834 1640 tluminis
862 1614 1033 1640 decursum.

212 1655 291 1681 Tunc
320 1656 490 1689 Raguoldus
518 1657 656 1692 princeps
686 1658 773 1684 totius
804 1658 930 1684 t’rancize
964 1658 1036 1684 dixit

211 1698 345 1732 Alstigno
358 1699 499 1727 incentori
515 1701 604 1727 totius
621 1702 758 1736 nequitiae
776 1710 780 1728 :
800 1713 811 1725 α
830 1703 870 1728 Tu
887 1702 940 1728 ista
950 1704 1034 1735 gente

211 1746 382 1777 procreatus
397 1744 435 1771 da
451 1745 537 1771 nobis
553 1746 709 1772 consilium
727 1754 816 1781 super
830 1746 874 1772 his
900 1746 997 1772 rebus.
1022 1757 1033 1769 ιι

211 1786 359 1820 Alstiguus
373 1789 556 1824 respondens
581 1790 734 1824 Ragnoldo
763 1790 861 1817 comiti
887 1798 956 1817 mox
974 1790 1034 1816 tunc

210 1831 305 1859 intulit
322 1841 327 1858 :
347 1844 358 1855 ιι
377 1833 404 1859 Si
418 1836 484 1860 ante
499 1834 628 1861 triduum
643 1834 816 1869 requisisses
839 1843 855 1861 a
879 1843 926 1861 me
942 1834 1035 1861 consi-

210 1875 292 1907 lium,
308 1876 483 1909 cogitatione
497 1878 717 1913 deprebensum
746 1879 849 1905 darem
876 1879 936 1906 tibi.
963 1880 1035 1905 'l‘an—

212 1921 273 1945 tum
289 1920 368 1946 mitte
384 1920 496 1955 legatos
511 1923 547 1948 ad
566 1922 639 1953 illos,
657 1922 730 1957 quid
743 1922 844 1949 dicant
870 1923 1033 1949 sciscitatu-

213 1970 269 1989 ros.
290 1975 301 1986 ι)
317 1965 396 1990 Tunc
413 1966 583 1999 Ragnoldus
602 1975 607 1992 :
623 1978 636 1988 ‹‹
655 1968 742 2000 Perge
771 1967 902 1994 celeriter
929 1975 1032 2003 preca-

213 2014 290 2038 mur,
318 2007 403 2041 cujus
425 2009 582 2037 voluntatis
613 2010 669 2036 sint
699 2010 902 2045 inquisiturus.
922 2024 935 2036 υ
950 2011 1034 2038 Alsti-

213 2057 289 2084 gnus
304 2052 459 2086 respondit
475 2061 480 2079 :
499 2065 511 2076 (ι
531 2055 593 2081 Non
608 2055 657 2082 ibo
674 2055 764 2082 solus.
782 2067 795 2079 ››
826 2056 962 2083 Miserunt
982 2065 1034 2083 au-

213 2097 270 2121 tem
285 2094 345 2122 duo
362 2096 466 2123 milites
481 2106 548 2124 cum
564 2107 609 2131 eo,
626 2099 751 2126 Daciseir
778 2100 884 2134 lingiue
914 2101 1033 2136 peritos.

213 2138 267 2170 Qui
281 2139 430 2167 venientes
443 2149 531 2177 super
545 2143 642 2178 ripam
656 2143 795 2178 fluminis,
822 2146 964 2172 steterunt
990 2145 1034 2172 di-

212 2185 310 2209 centes
328 2192 333 2210 :
351 2195 363 2206 ‹‹
382 2185 476 2218 Regia:
499 2187 651 2221 potestatis
679 2188 801 2215 comites
827 2189 973 2216 mandant
989 2198 1035 2216 v0-

211 2226 266 2260 bis,
283 2230 313 2254 ut
327 2227 431 2255 dicatis
444 2230 495 2265 qui
511 2231 589 2261 estis.
608 2234 635 2259 et
650 2232 728 2258 unde
743 2233 819 2265 estis,
835 2233 941 2268 etquid
955 2241 1035 2268 (IlltB-
1052 2223 1074 2250 Β

211 2270 283 2297 ritis.
307 2282 319 2294 ι)
342 2272 398 2307 Ipsi
426 2281 494 2301 vero
519 2276 736 2310 responderunt
765 2285 770 2303 :
802 2288 814 2299 υ
830 2277 902 2303 Dani
919 2285 1033 2309 sumus,

213 2315 299 2342 Dacia
315 2316 429 2344 advecti
439 2318 664 2347 bucFranciam
681 2329 852 2356 expugnare
868 2322 1012 2348 venimus
1023 2334 1035 2345 ι)

213 2358 250 2384 Illi
266 2362 381 2387 autem:
393 2372 405 2384 τ(
419 2362 481 2393 Quo
495 2364 615 2391 nomine
632 2367 726 2391 vester
742 2364 838 2391 senior
847 2364 978 2399 fungitur
991 2366 1004 2392 ‘I
1021 2377 1034 2389 ››

213 2403 437 2438 Responderunt
453 2416 459 2433 :
478 2418 489 2429 (ι
514 2407 608 2440 Nullo,
639 2408 709 2443 quia
735 2409 858 2444 requatis
885 2409 1036 2444 potestatis

212 2454 327 2474 sumus.
346 2460 359 2472 ››
374 2450 453 2477 Tunc
469 2450 618 2485 Alstignus
635 2452 707 2479 seire
723 2452 823 2480 volens
843 2453 915 2488 quid
943 2454 979 2480 de
1005 2462 1035 2480 se

211 2489 351 2525 dicerent,
368 2493 460 2521 dixit:
477 2506 489 2518 α
507 2496 597 2530 Cujus
627 2496 706 2524 fama
727 2497 786 2524 huc
808 2498 922 2525 advecti
944 2498 1035 2525 adve-

211 2534 294 2562 nistis
305 2537 318 2564 ?
329 2537 356 2564 Si
368 2546 503 2573 unquam
518 2539 555 2566 de
566 2540 699 2575 quodam
715 2541 847 2576 Alstigno
863 2543 967 2569 vestrae
982 2551 1034 2578 pa-

212 2579 274 2605 triae
300 2583 378 2615 nato,
407 2583 464 2610 huc
489 2591 558 2610 cum
587 2584 715 2619 plurimo
741 2586 831 2613 milite
854 2586 1035 2621 adnavigato

213 2622 325 2657 aliquid
339 2626 460 2653 audistis
475 2627 488 2653 ‘?
506 2639 518 2651 ››
539 2629 765 2664 Responderunt
788 2639 793 2656 :
817 2641 830 2653 α
849 2630 1032 2659 Audivimus.

214 2665 274 2711 ille
289 2667 368 2695 enim
393 2669 473 2697 bono
496 2672 594 2700 omine
619 2674 790 2709 auspicatus
817 2677 870 2707 est,
893 2674 1034 2711 bonoque

214 2709 297 2737 initio
310 2712 397 2746 cmpit
412 2722 417 2745 ;
433 2715 483 2741 sed
499 2716 612 2744 malum
626 2718 718 2745 tinem
731 2718 900 2754 exitumque
915 2709 1034 2747 sortitus

214 2756 267 2780 est.
286 2766 299 2778 »
313 2757 418 2783 lterum
433 2758 581 2792 Alstignus
602 2769 607 2787 :
625 2772 637 2786 ‹ι
659 2762 749 2789 Vuttis
773 2763 877 2790 (:arolo
906 2765 1033 2791 Francim

214 2798 277 2832 regi
291 2798 365 2825 colla
380 2799 560 2836 submittere,
574 2804 696 2840 ejusque
710 2806 827 2834 servitio
851 2807 1034 2842 incumbere,

215 2844 304 2876 atque
319 2842 359 2869 ab
371 2850 406 2870 eo
419 2851 511 2879 quam
526 2846 654 2880 plurima
667 2849 812 2877 beneficia
825 2858 930 2885 capere
942 2851 955 2878 ‘I
982 2853 1035 2879 Re-

692 141 843 169 DUDONIS
863 139 990 168 DECANI
1011 137 1038 166 S.
1060 136 1214 169 QUINTINI
1234 137 1424 165 VIROMAND.

1050 201 1073 227 Α
1088 198 1293 234 sponderunt:
1311 210 1324 223 ‹‹
1340 200 1500 234 Nunquam
1524 197 1646 225 cuilibet
1672 196 1927 232 subjugabimus.

1889 136 1928 163 640

1086 250 1140 270 nec
1167 243 1335 279 cujuspiam
1363 242 1494 270 servituti
1517 249 1655 278 unquam
1682 241 1927 270 adhaerebimus.

1085 295 1183 323 neque
1199 287 1344 315 beneﬁcia
1359 296 1378 315 a
1391 294 1549 323 quoquam
1562 286 1771 322 excipiamus.
1799 286 1876 313 Illud
1892 286 1926 313 be

1086 332 1226 359 neticium
1240 333 1351 368 optime
1365 331 1578 368 complacuerit
1592 331 1694 365 nobis,
1722 331 1824 367 quod
1848 331 1925 359 armis

1086 379 1114 404 et
1128 376 1229 404 labore
1245 377 1416 413 prteliorum
1430 376 1652 404 vindicabimus
1671 375 1787 403 nobis.
1814 387 1829 400 η
1860 377 1925 403 Tunc

1087 419 1273 453 Francigenae
1291 428 1297 446 :
1315 431 1328 442 α
1343 418 1419 452 Quid
1435 418 1529 446 acturi
1543 418 1613 445 estis
1626 418 1640 445 ?
1657 429 1671 443 »
1701 418 1786 446 Hinc
1815 418 1926 452 Dacige-

1086 471 1132 490 nae
1146 475 1159 487 «
1174 464 1354 495 Quantocius
1368 463 1518 491 abscedite
1534 465 1562 490 et
1576 462 1710 498 amplius
1729 463 1835 491 nolite
1849 464 1925 490 stare.

1086 507 1158 543 quia
1172 508 1275 535 vestris
1291 508 1472 543 ambagibus
1496 515 1556 535 non
1583 515 1745 541 curamus,
1777 515 1841 535 nec
1865 507 1927 543 quid

1087 551 1179 579 acturi
1195 560 1298 579 sumus
1313 551 1398 579 vobis
1414 551 1626 579 indicabimus.
1638 562 1651 575 ››
1665 550 1709 578 Illi
1724 558 1809 579 vero
1825 552 1928 579 abeun-

1087 598 1141 628 tes,
1158 596 1239 632 quod
1255 596 1413 624 audierunt
1436 595 1573 631 expedite
1595 595 1746 623 exercitui
1779 595 1927 623 renuntia~

1087 643 1164 668 runt.
1179 641 1350 674 Ragnoldus
1365 648 1436 668 vero
1450 642 1568 668 vertens
1581 640 1620 668 ad
1634 639 1823 675 Alstignum
1838 640 1908 668 dixit
1921 649 1925 666 :

1089 696 1101 708 α
1120 685 1195 717 Quid
1211 684 1295 712 vobis
1315 685 1431 712 videtur
1447 693 1453 712 :
1471 684 1623 712 Bellumne
1643 684 1827 712 initiabitur
1842 685 1856 712 ‘I
1880 685 1927 711 Vos

1088 737 1123 756 ex
1139 728 1257 756 illorum
1273 731 1358 762 gente
1374 728 1453 762 estis,
1470 736 1523 755 vos
1539 730 1634 755 artem
1658 727 1833 764 prmliandi
1856 736 1927 756 more

1090 775 1235 800 Dacorum
1250 781 1310 800 non
1323 773 1475 807 ignoratis.
1493 772 1582 800 Dicite
1597 772 1673 808 quid
1699 781 1820 800 sumus
1843 773 1928 800 factu-

1089 817 1136 844 ri?
1153 829 1166 841 ››
1194 818 1274 844 Tunc
1300 817 1451 851 Alstignus
1478 816 1584 844 veneni
1615 816 1689 850 fera,
1717 817 1856 853 vulpina
1876 819 1927 844 arte

1089 861 1238 893 suttultus,
1255 861 1416 889 exercitum
1431 860 1541 888 affatur
1555 869 1561 888 :
1579 872 1592 885 ι(
1611 862 1679 888 Haec
1696 869 1780 896 gens
1792 861 1925 897 juvelinis

1089 905 1181 933 aetatis
1196 905 1267 932 ﬂore
1282 905 1499 937 robustissima,
1516 905 1608 933 armis
1623 905 1749 938 edocta,
1768 905 1925 941 proeliaque

1088 958 1180 985 quam
1195 949 1324 985 plurima
1338 951 1459 985 experta
1474 949 1498 977 si
1513 949 1685 983 invadetur,
1706 958 1871 985 magnum
1885 958 1924 985 pe-

1088 993 1214 1021 riculum
1230 994 1317 1021 nobis
1332 993 1532 1028 generabitur.
1555 1005 1568 1018 ››
1589 995 1673 1021 Tunc
1688 994 1830 1030 quidam
1846 994 1924 1022 Fran-

1089 1038 1157 1065 cisci
1187 1038 1315 1072 agminis
1338 1037 1459 1072 signifer
1482 1038 1605 1065 nomine
1627 1038 1809 1066 Rotlandus
1825 1039 1925 1066 dixiSse

1090 1082 1203 1109 fertur:
1222 1094 1233 1106 ‹‹
1256 1082 1332 1115 Quid
1361 1082 1429 1109 huic
1455 1082 1608 1110 consulitis
1624 1083 1638 1110 ?
1663 1084 1842 1119 Nunquam
1866 1083 1926 1118 lupo

1090 1126 1178 1162 lupus
1189 1135 1243 1154 nec
1258 1126 1353 1162 vulpis
1370 1126 1458 1162 vulpe
1474 1126 1618 1162 capietur.
1646 1138 1660 1151 ››
1677 1126 1730 1154 His
1746 1127 1855 1155 verbis
1870 1127 1927 1154 inci-

1090 1173 1167 1198 tatus
1181 1171 1254 1198 dixit
1268 1171 1416 1206 Alstignus
1433 1179 1440 1198 :
1456 1182 1470 1195 ‹‹
1485 1171 1602 1198 Amodo
1616 1179 1635 1199 a
1650 1179 1701 1199 me
1729 1171 1854 1200 bellum
1876 1178 1927 1199 non

1090 1215 1357 1251 blasphemabitur.
1381 1227 1393 1239 ι»
1415 1215 1534 1243 Interim
1549 1215 1644 1250 R0110,
1671 1218 1703 1243 et
1729 1217 1785 1244 cui
1811 1225 1881 1244 cum
1899 1224 1925 1243 eo

1090 1263 1184 1291 erant.
1199 1260 1331 1287 fecerunt
1346 1260 1401 1287 sibi
1426 1260 1605 1296 munimem,
1632 1262 1662 1288 et
1686 1261 1925 1289 obstaculumia

1091 1304 1215 1331 modum
1228 1304 1328 1334 castri.
1345 1304 1513 1332 munientes
1539 1312 1571 1331 se
1595 1312 1651 1340 per
1676 1312 1801 1341 gyrum
1827 1305 1925 1334 avulsa

1090 1350 1174 1375 terrm
1189 1356 1307 1382 aggere,
1323 1348 1449 1384 locoque
1465 1351 1558 1384 porta:
1573 1348 1792 1385 relinquentes
1807 1351 1926 1386 spatium

1090 1392 1212 1428 prolixae
1238 1392 1454 1428 amplitudinis,
1484 1393 1568 1429 quod
1595 1396 1729 1429 apparet
1757 1394 1803 1422 ad
1821 1397 1926 1430 tempus

1090 1444 1185 1472 usque
1197 1436 1280 1464 istius
1295 1437 1363 1464 diei.
1380 1437 1480 1465 Franci
1495 1445 1566 1465 vero
1580 1437 1719 1465 diluculo
1728 1441 1886 1467 venerunt
1899 1437 1925 1465 ad

1090 1481 1246 1508 ecclesiam
1273 1482 1300 1509 S.
1318 1482 1456 1509 Germani
1483 1482 1586 1518 ibique
1611 1482 1751 1510 missam
1781 1483 1925 1511 audientes

1091 1526 1307 1561 participantur
1322 1534 1445 1562 corpore
1459 1529 1488 1553 et
1500 1527 1649 1561 sanguine
1671 1527 1801 1555 Christi.
1824 1528 1921 1556 Abhinz

1090 1570 1265 1605 equitantes,
1286 1571 1315 1597 in
1339 1571 1404 1606 ripa
1418 1570 1551 1598 ﬂuminis
1580 1578 1686 1604 naves,
1711 1572 1882 1609 Dacosque
1905 1573 1923 1598 ir

1092 1614 1256 1641 munimine
1270 1614 1383 1642 avulsae
1407 1616 1493 1641 terrae
1515 1614 1650 1642 videntes
1677 1616 1831 1651 amplum
1848 1619 1923 1652 porta

1090 1657 1204 1685 aditum
1231 1658 1328 1685 solum
1354 1658 1538 1686 invaserunt.
1567 1658 1638 1686 Daci
1652 1666 1732 1687 vero
1754 1660 1926 1688 intrinsecus

1090 1701 1159 1728 hinc
1188 1704 1216 1729 et
1242 1702 1310 1729 inde
1336 1710 1390 1738 per
1414 1702 1569 1738 planitiem
1593 1703 1684 1730 castri
1706 1704 1926 1734 accubitarunt

1090 1748 1178 1781 atque
1195 1746 1284 1774 scutis
1299 1754 1329 1773 se
1349 1749 1579 1782 cooperuerunt.
1609 1746 1791 1775 Rotlandus
1819 1747 1928 1783 signifer

1091 1790 1247 1825 Bagnoldi,
1272 1799 1341 1818 cum
1368 1790 1431 1818 acie
1459 1798 1554 1827 quam
1583 1791 1715 1826 praeibat
1734 1793 1926 1821 exercituum.

1090 1833 1233 1861 violenter
1251 1842 1304 1869 per
1327 1834 1441 1862 aditum
1467 1834 1551 1862 mira:
1579 1834 1770 1870 prolixitatis
1803 1836 1926 1873 amplum

1091 1886 1180 1914 super
1192 1886 1226 1906 eo
1242 1879 1333 1912 irruit,
1347 1881 1376 1906 et
1390 1878 1540 1906 debellare
1555 1887 1607 1906 eos
1630 1880 1737 1915 coepit.
1770 1882 1849 1909 Daci
1871 1888 1924 1907 vero

1089 1926 1266 1957 exurgentes
1282 1923 1461 1951 Rotlandum
1473 1923 1502 1950 in
1522 1925 1679 1951 momento
1701 1924 1922 1954 interemerunt

1092 1968 1119 1993 et
1133 1967 1197 2001 ejus
1212 1975 1365 2002 sequaces.
1382 1966 1556 2001 Ragnoldus
1580 1970 1608 1995 et
1625 1967 1807 2005 Alstignus,
1831 1970 1925 1998 creten-

1091 2018 1150 2046 que
1165 2011 1287 2038 comites
1302 2011 1359 2038 illic
1382 2013 1506 2038 cunctos
1522 2013 1658 2039 mortuos
1689 2014 1925 2042 considerantes.

1092 2057 1174 2090 terga
1192 2058 1346 2089 vertentes,
1372 2055 1476 2090 fugam
1504 2056 1719 2092 expetiverunt
1744 2058 1874 2087 hilares.
1889 2059 1928 2085 Ex-

1090 2099 1202 2135 templo
1217 2100 1309 2133 Rollo,
1333 2100 1505 2128 convocatis
1528 2100 1566 2128 de
1592 2101 1694 2128 hostili
1719 2102 1927 2137 fugationere-

1090 2144 1193 2177 versis,
1209 2144 1282 2172 dixit
1298 2153 1304 2171 :
1322 2155 1335 2168 «
1351 2144 1427 2177 Quid
1442 2144 1514 2172 mali
1528 2145 1646 2179 egimus
1658 2149 1775 2175 contra
1787 2147 1926 2176 Francos‘

1092 2188 1149 2215 Cur
1167 2187 1222 2215 nos
1236 2188 1454 2216 adsaltierunt?
1474 2189 1681 2221 Quamobrem
1707 2198 1772 2218 nos
1805 2192 1922 2220 oecidrs‘

1092 2231 1284 2260 maluerunt?
1301 2232 1418 2260 Illorum
1432 2235 1477 2260 est
1490 2232 1609 2260 initium
1621 2233 1710 2267 mali,
1740 2236 1842 2272 culpa
1863 2237 1925 2263 inve

1091 2276 1196 2309 dentis,
1213 2284 1275 2304 non
1289 2276 1437 2304 obstantis
1449 2286 1455 2310 ;
1470 2277 1668 2313 praesumptio
1681 2279 1837 2308 occidere
1845 2280 1925 2308 volsa-

1092 2320 1139 2355 tis,
1155 2329 1216 2348 non
1231 2320 1427 2348 defendentis.
1459 2321 1612 2356 Quidquid
1637 2322 1716 2350 mali
1743 2328 1859 2352 contra
1878 2324 1924 2351 illas

1091 2365 1160 2392 hinc
1173 2365 1332 2398 egerimus,
1347 2364 1512 2392 offensione
1541 2364 1695 2393 factorum
1726 2375 1865 2396 suorum
1879 2375 1925 2404 per-

1091 2409 1287 2444 petrabimus.
1319 2408 1378 2442 Eia,
1404 2416 1589 2444 occupemus
1611 2411 1730 2443 castra,
1767 2415 1801 2440 et
1830 2410 1922 2448 oppid;

1090 2453 1219 2480 illorum.
1243 2453 1414 2481 Reddamus
1442 2453 1584 2481 talionem
1609 2454 1789 2484 cumulatis
1814 2459 1922 2484 nimius

1091 2497 1178 2524 malis
1192 2505 1247 2533 pro
1262 2497 1385 2525 offensis
1399 2497 1528 2525 illorum.
1546 2509 1559 2521 n
1577 2499 1644 2525 Haec
1655 2499 1853 2530 exhortante
1867 2502 1920 2528 dux:

1092 2541 1223 2576 Rollone,
1238 2542 1361 2569 dimisso
1381 2542 1547 2570 munimine
1577 2542 1695 2570 avulsa:
1722 2547 1833 2581 term,
1857 2546 1923 2574 cete:

1091 2594 1180 2613 cursu
1194 2586 1382 2621 navigantes,
1397 2590 1690 2622 praeoccupaverunt
1714 2589 1879 2619 Mellendis
1892 2591 1923 2616 he

1091 2629 1240 2657 bitatores.
1253 2631 1360 2664 Quam,
1374 2630 1533 2658 interfectis
1553 2629 1759 2666 principibus
1788 2635 1851 2662 cito
1875 2633 1924 2661 sui»

1091 2677 1219 2708 vertunt,
1234 2677 1388 2710 totamque
1396 2674 1585 2710 provinciam
1600 2674 1832 2707 devastati-um.

1109 2718 1281 2753 Ragnoldus
1291 2727 1362 2747 vero
1373 2726 1483 2752 comes,
1496 2722 1687 2753 congregato
1698 2723 1831 2759 majore
1839 2732 1922 2752 exet;-

1091 2766 1122 2790 tu
1134 2763 1350 2799 priore,iterum
1365 2765 1490 2791 conatur
1508 2771 1561 2790 eos
1582 2762 1753 2795 invadere.
1779 2770 1930 2799 Nox-map,

1091 2810 1190 2835 autem
1205 2816 1235 2835 se
1249 2807 1462 2842 conglobantes
1479 2807 1605 2835 strictim
1621 2811 1886 2841 accubitaverum

1091 2854 1124 2880 ut
1133 2852 1312 2888 parvissima
1321 2853 1477 2888 putaretur
1498 2859 1624 2881 summa
1647 2862 1781 2886 eor-mn.
1797 2858 1874 2887 Illico
1888 2859 1922 2885 R3-
