3878 6376
60 260 146 311 641

602 255 691 308 DE
732 255 968 312 GESTIS
1007 254 1433 312 ΝΟΒΜΑΝΝΙᾸΞ
1473 252 1711 307 DUCUM
1753 253 1931 308 LIBRI
1978 255 2171 311 TRES.
2214 286 2282 296 -—
2330 258 2457 313 LIB.
2500 259 2567 312 ll.
2609 258 2860 315 ROLLO.

3339 266 3441 319 642

56 378 290 449 gnoldus
309 378 414 433 init
441 376 814 446 bellum,suae
848 379 990 435 sorti
1016 395 1137 434 non
1164 378 1679 451 profuturum.Da-
1713 380 1759 431 A
1792 392 1926 431 rum
1948 376 2371 434 inextricabilis
2397 380 2670 436 amicitiae
2710 382 2815 438 tibi
2830 399 3071 440 munus.
3102 386 3440 456 Quondam,

54 470 102 524 ci
122 485 249 524 vero
269 484 369 540 per
396 467 586 522 aciem
613 468 901 536 Ragnoldi
951 468 1301 524 inconvulse
1349 469 1679 538 pergentes,

53 556 484 629 prosternebant
507 554 674 609 duris
705 555 1049 611 verberibus
1080 556 1297 628 plures.
1332 554 1553 609 Videns
1577 569 1681 607 au-

52 651 162 701 tem
180 644 507 711 Ragnoldus
531 661 670 697 suos
700 644 973 713 deﬁcere,
994 646 1169 716 coepit
1199 644 1370 699 celeri
1398 658 1575 697 cursu
1598 641 1684 695 fu-

52 735 308 806 gere.Cui
335 734 585 806 quidam
615 734 873 806 piscator
905 738 1193 807 Sequanae
1212 734 1525 790 attributus
1554 731 1683 786 Rol-

50 826 181 890 loni,
205 824 457 879 obviavit
478 824 549 889 ei,
584 824 817 895 teloque
850 825 1396 880 transverberatum
1450 822 1681 877 occidit.

50 913 416 983 Ragnoldidaa
449 929 629 968 suum
683 912 976 968 seniorem
1034 914 1300 968 videntes
1357 917 1683 976 mortuum,

48 1004 241 1071 fugam
296 1007 635 1074 torquentes
684 1003 957 1070 nimium,
1018 1020 1204 1075 equos
1257 1003 1680 1074 expetiverunt.

46 1096 197 1147 Tunc
226 1091 380 1147 Rollo
406 1107 776 1163 persequens
815 1108 936 1157 eos,
980 1092 1198 1147 multos
1265 1091 1499 1157 occidit,
1556 1090 1685 1162 plu-

43 1197 245 1252 resque
268 1185 471 1252 captos
496 1180 574 1235 ad
604 1196 789 1235 naves
818 1180 1080 1235 deduxit.
1127 1180 1594 1251 Convocatisque
1621 1178 1684 1232 fi-

42 1270 264 1325 delibus
295 1270 415 1325 suis
447 1269 594 1325 dixit
621 1287 632 1324 :
666 1275 806 1337 Age,
832 1286 991 1325 nunc
1019 1270 1371 1337 navigemus
1404 1269 1679 1331 Parisius,

41 1360 309 1431 civesque
334 1359 438 1431 qui
469 1358 675 1430 praelia
715 1359 993 1427 fugerunt
1043 1360 1440 1431 requiramus.
1506 1358 1684 1427 Igitur

41 1447 376 1503 Nortmanni
402 1448 532 1519 ripa
563 1447 860 1503 Mellendis
924 1464 1110 1502 naves
1162 1448 1535 1515 divellerunt,
1578 1450 1681 1500 Pa-

42 1537 326 1607 risiusque
382 1535 820 1591 circumdantes
878 1536 1259 1602 obsederunt,
1307 1542 1363 1591 et
1414 1535 1683 1607 praedam

36 1624 189 1679 illius
211 1625 523 1695 provinciae
554 1624 630 1679 ad
658 1625 1035 1679 obsidionem
1070 1629 1385 1680 verterunt.
1428 1627 1683 1680 Morante

36 1714 135 1769 diu
171 1713 400 1769 Hollone
439 1714 497 1769 in
531 1714 785 1769 Parisius
814 1715 1149 1779 obsidione,
1182 1714 1498 1769 deficiebat
1535 1730 1681 1785 pra:-

36 1804 114 1857 da
144 1803 479 1874 longinquis
508 1803 860 1872 regionibus
882 1808 1072 1875 rapta.
1136 1803 1289 1858 Illico
1334 1801 1681 1858 Nortmanni

36 1892 491 1960 Baiogacensem
546 1907 774 1964 pagum
816 1897 1117 1964 expetunt,
1178 1897 1481 1964 totamque
1537 1908 1681 1963 prae-

34 1980 176 2037 dam
227 1980 537 2052 rapientes,
600 1980 892 2035 civitatem
945 1996 1297 2052 oppugnare
1352 1986 1677 2051 coeperunt.

34 2069 196 2123 Cives
226 2073 420 2122 autem
464 2084 539 2123 ne
570 2073 944 2123 morerentur
1002 2068 1287 2123 hostiliter
1331 2068 1413 2123 eis
1463 2068 1683 2122 restite-

32 2162 189 2225 runt,
215 2158 534 2211 Bothonem
565 2157 937 2229 praecipuum
995 2158 1540 2211 Northmannorum
1591 2173 1683 2211 co-

32 2247 235 2301 mitem
264 2251 562 2317 ceperunt.
599 2246 991 2301 Northmanni
1045 2246 1119 2299 de
1180 2248 1440 2301 Bothone
1480 2246 1682 2300 dolen-

32 2340 136 2401 tes,
172 2334 457 2389 miserunt
491 2334 594 2406 qui
633 2334 897 2388 dicerent
947 2334 1025 2389 ad
1082 2334 1515 2390 Baiocacenses
1553 2352 1564 2388 :
1623 2334 1679 2391 Si

31 2422 398 2478 reddideritis
428 2423 603 2477 nobis
638 2423 986 2493 Botbonem,
1015 2422 1297 2478 dabimus
1315 2423 1489 2478 vobis
1506 2424 1681 2478 unius

30 2512 175 2568 anni
198 2512 586 2567 securitatem.
624 2511 1047 2566 Baiocacenses
1075 2512 1321 2567 consilio
1341 2512 1502 2567 ducti
1523 2512 1683 2567 dixe-

30 2606 169 2655 runt
200 2599 274 2653 ad
313 2599 567 2655 invicem
598 2616 610 2653 :
645 2622 672 2647 ‹‹
703 2599 902 2656 Melius
941 2605 1028 2654 est
1053 2600 1226 2654 nobis
1258 2600 1450 2671 spatio
1504 2599 1681 2653 unius

29 2691 173 2746 anni
214 2689 597 2760 requiescere,
658 2704 843 2760 quam
892 2703 1001 2759 pro
1045 2704 1165 2741 uno
1221 2688 1433 2742 comite
1493 2692 1681 2742 totum

29 2778 247 2852 praaliis
284 2778 519 2833 ducere.
557 2802 583 2827 ››
618 2781 762 2833 Data
802 2776 981 2846 igitur
1021 2776 1352 2845 securitate,
1402 2775 1679 2830 reddide-

29 2874 169 2922 runt
210 2866 532 2920 Bothonem
586 2864 985 2936 asperrimum
1033 2862 1299 2917 militem.
1359 2865 1681 2917 Transacto

29 2971 170 3011 vero
199 2968 377 3016 anno,
410 2953 827 3007 circumstante
860 2952 1113 3007 Parisius
1140 2950 1471 3006 obsidione.
1518 2950 1681 3006 ΒοΠο

1722 1731 1761 1784 Β

29 3046 273 3099 Baiocas
304 3042 463 3115 petit,
497 3058 753 3113 eamque
786 3042 1069 3096 violenter
1100 3040 1273 3113 cepit,
1316 3044 1504 3133 totum
1545 3040 1680 3095 fun-
1712 3080 1752 3133 ϐ

28 3133 187 3188 ditus
218 3130 519 3195 subvertit,
550 3130 937 3201 captivosque
968 3134 1024 3184 et
1053 3130 1319 3201 praedam
1378 3128 1553 3184 totius
1596 3144 1683 3183 re-

27 3220 218 3290 gionis
246 3219 354 3273 sibi
387 3219 726 3274 vindicavit.
763 3218 916 3284 Quin
949 3218 1131 3273 etiam
1161 3216 1495 3290 quamdam
1538 3220 1683 3288 Pop-

27 3330 171 3385 pam
208 3310 517 3380 virginem,
549 3309 742 3381 specie
774 3309 1076 3371 decoram,
1103 3309 1362 3380 superbo
1391 3308 1684 3378 sanguine

28 3404 390 3467 soneretam,
424 3398 797 3469 praevalentis
824 3398 1109 3470 principis
1138 3398 1470 3468 Berengarii
1500 3396 1683 3453 ﬁliam

27 3507 234 3547 ;ecum
262 3490 430 3543 laetus
460 3488 728 3558 adduxit,
755 3504 1009 3559 eamque
1042 3487 1153 3541 sibi
1180 3487 1483 3543 connubio
1543 3486 1687 3542 asci-

27 3582 125 3650 rit,
164 3584 312 3633 etex
369 3594 439 3633 ea
495 3577 685 3632 tilium
734 3577 975 3630 nomine
1030 3574 1407 3630 Guillelmum
1462 3574 1681 3643 genuit.

28 3671 295 3740 )enique
330 3668 599 3723 residens
646 3666 870 3721 circum
920 3664 1174 3720 Parisius
1217 3665 1375 3719 misit
1406 3664 1685 3719 Ebroicas

28 3758 372 3826 :xercitum,
401 3762 464 3812 ut
492 3762 803 3829 caperetur
830 3754 1037 3810 civitas
1086 3758 1142 3809 et
1189 3753 1525 3825 episcopus.
1576 3752 1687 3818 Qui

28 3849 271 3905 reniens
294 3846 589 3901 civitatem
623 3844 859 3913 invasit,
888 3841 1370 3915 populorumque
1397 3842 1596 3913 plures
1632 3844 1686 3897 et

27 3938 292 3996 iraedam
318 3936 515 4007 cmpit.
551 3935 661 3991 Sed
693 3935 1032 4005 episcopus,
1062 3930 1249 3986 Sebur
1273 3932 1535 3998 nomine,
1568 3932 1687 3986 Deo

27 4030 352 4095 tnnuente,
376 4030 578 4081 evasit.
621 4024 951 4095 Statimque
1002 4021 1158 4076 illius
1217 4022 1358 4092 pagi
1415 4020 1684 4093 praedam

28 4118 347 4191 apientes,
383 4119 566 4170 totam
600 4118 817 4168 terram
866 4111 1340 4176 devastaverunt,
1402 4109 1685 4164 Parisius-

43 4224 129 4263 ue
159 4207 548 4259 revenerunt.
578 4202 817 4258 Talibus
850 4201 1051 4272 itaque
1081 4199 1370 4254 exterritae
1410 4198 1683 4270 plurima:

27 4275 230 4351 ientes
266 4291 545 4359 Franciae,
579 4290 799 4345 tributa
830 4289 1141 4344 solvebant
1189 4286 1439 4355 Rolloni,
1502 4287 1683 4359 pluri-

27 4404 127 4443 nae
162 4397 311 4437 vero
340 4380 692 4436 resistebant
716 4379 787 4435 ei.

70 4471 266 4541 Angli
338 4487 479 4526 vero
533 4470 842 4525 audientes
889 4468 1053 4540 quod
1110 4465 1272 4522 ΒοΙΙο
1322 4465 1677 4522 Parisiacam

28 4567 236 4623 rbem
268 4560 618 4625 obsedisset,
670 4558 971 4629 rebusque
1024 4555 1682 4626 Franciscisimpedire-

28 4672 127 4721 1r,
166 4655 352 4721 atque
378 4649 740 4704 zestimantes
760 4646 925 4718 quod
953 4647 1146 4704 amico
1178 4662 1288 4700 suo
1318 4644 1442 4713 regi
1493 4644 1677 4699 Alste-

28 4762 110 4802 1ο
139 4742 204 4795 in
238 4737 608 4809 adjutorium
639 4752 760 4791 non
800 4735 1159 4799 subveniret,
1223 4739 1485 4789 tenorem
1541 4733 1679 4787 fidei

28 4834 396 4905 aspuentes,
425 4830 733 4899 coeperunt
760 4830 1107 4893 arroganter
1140 4823 1515 4889 insolescere,
1544 4839 1681 4877 con-

28 4936 232 4994 »aque
262 4934 467 4987 regem
499 4914 855 4989 importunis
880 4914 1049 4969 bellis
1081 4912 1382 4968 feritantes
1440 4912 1682 4967 dimica-

27 5034 79 5072 δ,
140 5012 330 5064 Terra
376 5005 653 5075 Anglisca
705 5002 964 5058 exercitu
1010 5001 1165 5071 regis
1219 5005 1275 5055 et
1316 5000 1683 5055 obstantium

38 5102 123 5161 bi
161 5096 660 5160 devastabantur,
690 5091 933 5165 publica
965 5108 1057 5146 res
1087 5089 1259 5145 malis
1310 5088 1528 5145 afﬂicta
1581 5105 1684 5144 an-

28 5187 389 5249 ullabatur.
423 5183 744 5255 Militcsque
798 5180 974 5249 regis.
1014 5184 1071 5234 et
1113 5177 1483 5233 obstantium
1539 5177 1686 5233 varii

27 5277 294 5340 iteritus
343 5277 531 5328 morte
574 5268 1170 5343 praeoccupabantur.
1250 5266 1431 5335 Igitur
1506 5266 1685 5322 Alste-

1718 4432 1761 4484 D

27 5384 151 5429 lus
183 5378 298 5417 rex
328 5359 889 5423 Christianissimus,
918 5373 1056 5411 cum
1100 5370 1222 5411 non
1250 5355 1497 5411 haberet
1527 5356 1686 5411 unde
1730 5351 1737 5357 ’

27 5448 389 5518 πιοοέζδηῐὶιε
419 5445 747 5512 Anglorum
778 5444 1088 5509 resisteret,
1146 5442 1306 5498 misit
1355 5443 1686 5515 quemdam

28 5538 308 5604 ﬁnitcm
342 5534 419 5588 ad
452 5531 757 5586 Rollonem
788 5531 944 5587 circa
973 5548 1179 5587 muros
1224 5532 1537 5589 Parisiacae
1595 5549 1687 5588 ur-

27 5639 90 5691 is
128 5621 565 5679 debellantem.
598 5620 708 5685 Qui
749 5620 825 5676 ad
874 5636 1014 5675 eum
1071 5621 1334 5691 veniens,
1382 5621 1686 5679 submisso

27 5721 187 5781 ultu
214 5710 417 5768 intulit
439 5708 645 5765 dicens
680 5726 691 5763 :
724 5712 840 5765 Rex
895 5710 1225 5782 Anglorum
1271 5715 1547 5769 Astemus
1593 5726 1685 5769 ca-

1793 463 2037 521 domine
2068 466 2169 531 mi,
2204 472 2265 522 tu
2291 472 2346 522 et
2376 466 2670 524 Alstemus
2710 486 2813 525 rex
2859 473 3188 543 Anglorum
3238 476 3443 547 paciﬁ-

1794 569 1916 621 cus,
1948 555 2221 627 pepigisti
2248 556 2438 611 mutui
2470 558 2748 627 adjutorii
2786 559 3003 631 foedus,
3054 568 3117 617 ut
3163 564 3267 636 qui
3324 581 3447 621 ves-

1793 647 1949 698 trum
1989 644 2276 713 indigeret
2322 646 2639 716 adjutorio,
2672 647 2911 704 alterius
2941 652 3272 708 muniretur
3327 655 3447 710 suf-

1794 730 2019 802 fragio;
2053 739 2109 788 et
2132 750 2313 805 quem
2344 740 2607 790 vestrum
2658 737 2910 793 adversa
2962 739 3201 797 fortuna
3254 748 3446 813 prote-

1794 826 1964 887 reret,
1994 822 2137 877 alter
2165 823 2243 878 illi
2265 824 2324 879 in
2352 824 2717 894 adjutorium
2763 827 3123 884 subveniret.
3180 833 3443 904 Quapro-

1794 914 1924 987 pter
1952 911 2260 982 inopinato
2285 913 2434 983 jugo
2499 914 2869 985 perﬁdorum
2921 917 3250 987 Anglorum
3282 937 3443 993 pres-

1797 1014 1918 1067 sus,
1965 1000 2347 1055 excellentem
2408 1018 2586 1073 super
2638 1004 2841 1060 omnia
2883 1008 3211 1077 potentiam
3278 1014 3443 1066 tuam

1794 1093 2087 1158 precatur,
2146 1093 2207 1143 ut
2258 1106 2570 1145 succurras
2630 1091 2681 1146 ei
2732 1093 3012 1162 velocius,
3073 1097 3216 1168 quia
3272 1099 3445 1168 Angli

1794 1180 1846 1231 te
1874 1182 2357 1249 praeoccupatum
2389 1180 2638 1235 scientes
2678 1183 2917 1249 negotio
2950 1186 3245 1241 Francisci
3281 1186 3439 1255 belli,

1793 1280 1911 1319 non
1944 1271 2155 1336 putant
2181 1272 2231 1321 te
2264 1268 2692 1325 subventurum
2743 1272 2991 1344 propius
3038 1290 3173 1329 meo
3204 1277 3439 1331 seniori.

1796 1353 1959 1408 Rollo
1986 1370 2121 1407 vero
2154 1355 2351 1425 legato
2376 1357 2529 1427 regis
2561 1359 2725 1430 quod
2774 1376 3013 1416 necesse
3061 1367 3187 1417 erat
3219 1364 3439 1433 tribuit,

1793 1441 1965 1512 eique
1998 1442 2257 1498 triduum
2313 1446 2489 1514 jussit
2531 1452 2892 1517 exspectare.
2951 1451 3440 1524 Principibusque

1792 1528 2121 1600 advocatis,
2155 1532 2301 1603 quid
2358 1540 2597 1589 acturus
2651 1536 2723 1590 sit
2777 1553 2958 1609 super
3010 1540 3120 1593 hoc
3178 1542 3437 1609 negotio,

1792 1617 1971 1687 coepit
2000 1617 2317 1690 inquirere.
2350 1622 2675 1695 Statimque
2703 1625 2861 1679 misit
2892 1626 2969 1680 ad
3017 1628 3314 1700 principes
3366 1629 3442 1684 ci-

1792 1704 2006 1776 vitatis,
2038 1711 2099 1761 ut
2120 1713 2367 1763 auteam
2394 1710 2473 1763 illi
2512 1712 2844 1779 redderent,
2905 1719 3007 1769 aut
3056 1715 3299 1771 obsides
3343 1717 3442 1773 da-

1792 1799 1940 1864 rent,
1966 1800 2070 1849 aut
2099 1814 2159 1850 se
2218 1798 2295 1852 ad
2339 1798 2748 1856 defensionem
2807 1810 3229 1875 praepararent.
3271 1806 3438 1862 Cives

1793 1888 1993 1937 autem
2023 1884 2343 1941 noluerunt
2371 1887 2580 1942 urbem
2610 1890 2659 1943 ei
2710 1890 2976 1961 reddere,
3035 1909 3143 1947 nec
3200 1894 3439 1949 obsides

1792 1971 1935 2026 dare
1964 1991 1975 2037 ;
2006 1973 2110 2027 sed
2143 1974 2422 2031 festinant
2454 1993 2513 2031 se
2544 1982 2751 2034 contra
2778 1980 2893 2034 diei
2955 1982 3181 2037 venturi
3237 1983 3441 2054 praelia

1794 2077 2150 2132 praeparare.
2182 2063 2445 2119 Diluculo
2471 2082 2609 2121 vero
2658 2068 2821 2122 Rollo
2875 2070 3140 2125 continui
3189 2072 3442 2127 conﬂicti

1793 2154 2059 2221 tempore
2082 2168 2470 2222 consurgens,
2505 2160 2802 2211 certamen
2850 2158 3135 2215 diurnum
3182 2161 3328 2227 iniit,
3375 2161 3445 2216 ci-

1793 2255 2015 2311 vesque
2038 2245 2158 2296 tota
2185 2242 2278 2296 die
2308 2243 2523 2314 praeliis
2562 2244 2788 2301 afﬂixit.
2817 2247 3027 2303 Videns
3049 2254 3249 2305 autem
3279 2250 3445 2323 quod

1794 2329 2006 2384 urbem
2034 2346 2155 2385 non
2188 2335 2803 2405 caperet,crepusculo
2838 2338 3029 2393 noctis
3068 2356 3250 2395 naves
3300 2340 3445 2395 velis

1795 2419 2050 2487 ornavit,
2101 2420 2481 2492 Parisiusque
2539 2422 2876 2495 dereliquit,
2908 2431 3087 2497 atque
3118 2429 3448 2497 Anglorum

1794 2510 2012 2561 terram
2046 2507 2215 2561 citius
2242 2524 2427 2579 quain
2454 2511 2664 2580 potuit,
2699 2528 2837 2566 cum
2864 2514 3061 2582 legato
3090 2517 3244 2584 regis
3265 2517 3446 2571 Alste-

1793 2594 1875 2648 mi
1950 2596 2239 2665 pervenit.
2296 2600 2455 2650 Tunc
2508 2614 2610 2652 rex
2692 2600 2991 2655 Alstemus
3049 2603 3218 2658 dictis
3268 2604 3448 2673 legati

1790 2680 1979 2736 laetior
2068 2682 2331 2750 effectus,
2411 2684 2666 2754 copiosa:
2746 2687 3141 2744 multitudinis
3226 2694 3445 2748 exerci-

1792 2775 1917 2825 tum
1942 2771 2190 2839 vocavit,
2219 2776 2395 2844 atque
2428 2779 2633 2829 contra
2662 2774 2965 2831 Rollonem
3022 2778 3238 2834 ducem
3288 2782 3445 2837 festi-

1792 2865 2002 2915 nanter
2029 2862 2302 2931 perrexit.
2339 2862 2448 2927 Qui
2479 2863 2658 2918 simul
2687 2866 3009 2936 congressi,
3069 2869 3444 2943 nimiumque

1794 2951 2137 3021 amplexati,
2171 2956 2349 3024 atque
2370 2953 2760 3010 amicabiliter
2790 2962 2931 3012 sunt
2961 2958 3229 3014 osculati.
3284 2961 3441 3017 Illico

1798 3040 1960 3096 Rollo
2015 3042 2272 3110 gratuita
2328 3059 2472 3097 voce
2526 3045 2881 3117 compellere
2944 3049 3121 3119 coepit
3200 3066 3443 3119 regem:

1798 3152 1823 3177 ‹‹
1855 3134 2075 3197 Grates,
2130 3131 2373 3187 domine
2423 3136 2559 3199 Rex,
2617 3134 2721 3189 tibi
2769 3136 3102 3208 condignas
3150 3140 3444 3211 persolvo,

1795 3220 1939 3290 quia
1969 3220 2289 3295 duodecim
2316 3238 2501 3277 naves
2550 3224 2815 3279 honestis
2869 3226 3158 3282 militibus
3215 3229 3445 3300 plenas,

1796 3309 2163 3380 totidemque
2190 3310 2513 3377 frumento,
2554 3313 2697 3367 vino
2751 3320 2929 3385 atque
2983 3316 3152 3371 lardo
3205 3324 3450 3374 onustas

1795 3396 2003 3450 misisti
2030 3398 2173 3451 mihi
2204 3398 2263 3451 in
2298 3399 2598 3467 Uvalgras.
2632 3423 2658 3448 »
2685 3404 2845 3455 Tunc
2876 3419 2975 3457 rex
3006 3420 3276 3475 praesaga
3306 3423 3447 3462 voce

1794 3484 1940 3539 dixit
1973 3502 1984 3538 :
2018 3507 2044 3531 ‹‹
2073 3485 2196 3539 Tibi
2228 3488 2649 3557 priemaximas
2680 3488 2871 3543 debeo
2900 3491 3139 3559 gratias,
3171 3494 3314 3564 quia
3344 3495 3448 3550 tibi

1796 3573 2181 3629 aDeodatum
2202 3592 2454 3643 regnum
2485 3582 2831 3648 propterme
2867 3578 3160 3646 dimisisti,
3181 3582 3446 3654 mihique

1795 3664 1855 3717 in
1886 3662 2247 3733 adjutorium
2280 3664 2628 3718 festinanter
2654 3665 3002 3721 subvenisti.
3046 3671 3171 3723 Non
3202 3669 3446 3738 ignoras

1796 3752 1966 3823 cujus
1992 3752 2075 3807 rei
2096 3768 2278 3807 causa
2310 3752 2454 3807 mihi
2482 3770 2824 3809 succurrere
2852 3755 2953 3811 tibi
2978 3757 3281 3814 mandavi.
3347 3762 3449 3815 Re-

1796 3857 1981 3912 gnum
2022 3840 2116 3896 cui
2139 3857 2397 3912 praeesse
2423 3846 2480 3898 et
2501 3843 2785 3914 prodesse
2813 3844 3023 3913 debeo,
3083 3845 3448 3921 devastatur,

1795 3930 2104 4001 decusque
2133 3929 2439 3998 regiminis
2470 3931 2588 3986 mei
2641 3931 3025 4004 adnihilatur,
3080 3936 3225 4007 quia
3279 3938 3451 4009 Angli

1795 4018 2110 4074 insolentia
2140 4020 2482 4075 temeritatis
2514 4022 2725 4077 tumidi
2753 4028 2807 4078 et
2832 4024 3093 4095 perversi
3140 4027 3288 4081 meis
3340 4044 3450 4084 no-

1795 4108 1926 4164 lunt
1951 4108 2194 4165 obedire
2227 4110 2557 4182 praeceptis.
2585 4112 2944 4168 Recedentes
2974 4131 3009 4170 a
3037 4131 3153 4185 me,
3196 4116 3309 4171 sibi
3366 4117 3450 4172 in-

1793 4198 1984 4253 vicem
2012 4198 2523 4270 conspiraverunt,
2555 4217 2772 4273 meque
2801 4219 3123 4275 meumque
3146 4204 3449 4260 servitium

1793 4287 2144 4343 abdicantes
2175 4288 2639 4360 ﬂoccipendunt,
2671 4291 2817 4362 quin
2846 4292 3023 4347 etiam
3073 4292 3448 4348 ususfructus

1791 4391 2067 4431 meorum
2097 4376 2460 4447 oppidorum
2517 4377 2629 4432 sibi
2674 4377 2978 4451 diripiunt.
3042 4383 3246 4433 Precor
3274 4378 3450 4449 igitur

1792 4468 1856 4518 ut
1885 4463 2136 4533 adjuves
2164 4478 2383 4518 meeos
2441 4463 2683 4532 elidere,
2738 4470 2794 4519 et
2836 4465 3197 4537 dispergere,
3238 4481 3447 4520 eorum

1790 4558 2206 4608 contumacem
2255 4552 2530 4607 virtutem
2591 4557 2892 4608 conterere
2936 4558 2991 4608 et
3045 4553 3396 4608 conculcare
3434 4590 3445 4639 ;

1792 4646 2091 4714 quatenus
2123 4641 2200 4696 ad
2234 4640 2538 4696 servitium
2568 4641 2703 4696 licet
2755 4641 2923 4697 inviti
2982 4643 3346 4711 redigantur,
3394 4648 3450 4699 et

1790 4730 1955 4802 quod
1978 4735 2279 4785 merentur
2340 4730 2533 4802 poenis
2573 4730 2783 4785 acriter
2836 4730 3022 4786 luant.
3082 4731 3445 4787 Medietatem

1792 4835 1933 4889 ergo
1964 4819 2132 4888 regni
2158 4819 2272 4873 mei
2302 4818 2402 4874 tibi
2419 4818 2602 4886 dabo,
2632 4818 3066 4891 dimidiamque
3105 4818 3447 4875 facultatem

1796 4908 2249 4981 supellectilium
2280 4925 2554 4963 meorum
2586 4908 2689 4964 tibi
2718 4913 2927 4981 sponte
2954 4909 3305 4964 concedam.
3334 4909 3449 4964 Sic-

1792 5014 1909 5069 que
1929 4997 2328 5052 indissolubili
2355 4997 2690 5068 conjunctae
2715 4998 2986 5053 amicitiae
3016 4997 3235 5053 foedere
3292 4997 3449 5052 colli-

1796 5086 1936 5155 gati,
1968 5090 2280 5140 teneamus
2311 5102 2563 5155 regnum
2621 5086 2818 5156 simul,
2872 5086 3166 5158 totiusque
3203 5086 3449 5142 honoris

1795 5175 1923 5245 ejus
1956 5174 2281 5243 fungamur
2306 5174 2500 5229 bonis.
2540 5196 2567 5223 ››
2600 5174 2765 5229 Dedit
2784 5175 2985 5247 itaque
3024 5191 3125 5229 rex
3155 5174 3450 5231 Alstemus

1797 5264 2023 5319 Bolloni
2054 5264 2219 5334 regni
2253 5264 2591 5330 dimidium,
2625 5268 2803 5336 atque
2832 5264 3210 5320 medietatem
3264 5265 3452 5322 bono-

1795 5370 1931 5408 rum
1963 5369 2230 5408 suorum.
2264 5356 2391 5408 Dux
2447 5353 2614 5409 ΒοΗο
2673 5354 2874 5409 statim
2931 5355 3055 5425 regi
3102 5355 3448 5427 respondit:

1796 5466 1823 5493 ‹‹
1858 5443 2008 5509 Tibi,
2036 5442 2280 5498 domine
2307 5458 2431 5507 rex,
2463 5448 2550 5498 est
2597 5443 2917 5518 imperare,
2980 5444 3126 5500 mibi
3187 5446 3451 5501 obedire.

1797 5535 1957 5598 Quos
2013 5532 2094 5587 vis
2140 5538 2492 5599 conteram;
2550 5550 2705 5605 quos
2761 5534 3015 5591 voluerit
3084 5535 3450 5606 disperdam.

1794 5621 2150 5677 Subvertam
2184 5621 2358 5675 urbes
2395 5636 2628 5694 eorum,
2662 5624 2953 5699 villasque
3005 5629 3062 5680 et
3102 5626 3325 5697 oppida
3373 5626 3457 5679 in-

1800 5710 2055 5767 cendam
2110 5711 2426 5785 ipsorum:
2480 5718 2783 5784 proteram
2836 5733 2938 5774 eos
2995 5719 3053 5772 et
3089 5714 3452 5787 dispergam,
