3878 6394
428 286 531 345 643

1405 286 1707 343 ΠΗΠΟΝῙΞ
1748 278 1999 339 DECANI
2040 279 2095 334 S.
2139 279 2443 342 QUINTINI
2481 282 2863 339 VIROMAND.

3792 285 3856 339 Mt

428 412 742 483 subjiciam
772 428 871 468 eos
894 411 995 467 tibi
1046 416 1102 468 et
1140 412 1431 466 occidam.
1494 413 1710 465 Uxores
1755 411 1811 463 et
1868 421 2073 460 semen
2114 403 2161 457 Α
2191 404 2347 457 tuuis
2378 404 2546 459 bellis
2579 406 2839 460 attritum
2873 405 3255 474 subjugasset
3283 404 3417 474 regi
3450 408 3519 460 et
3550 404 3856 460 sibitrans

428 517 638 556 eorum
669 500 1002 573 captivabo,
1036 503 1089 554 et
1113 503 1381 553 armenta
1435 512 1641 552 eorum
1694 494 2012 549 devorabo.
2052 514 2077 539 ››

429 589 525 644 His
559 590 637 644 ab
663 588 915 643 invicem
942 586 1210 658 expletis,
1244 591 1499 658 pergunt
1530 585 1845 638 unanimes
1875 586 2080 635 contra

426 677 648 744 Anglos
680 675 798 744 regi
840 674 1164 730 obstantes.
1223 674 1385 729 Rollo
1433 689 1573 728 vero
1618 676 1822 726 contra
1858 670 2079 733 Anglos

427 764 614 819 multa
643 764 845 837 praelia
889 763 1167 831 exercuit,
1218 763 1511 835 urbesque
1558 777 1765 815 eorum
1822 758 2075 813 obsedit.

427 856 691 919 Quarum
719 853 905 908 multa
932 853 1065 921 igne
1086 850 1774 922 cremata‘depopulavit.
1808 849 2077 901 Videntes

426 946 626 997 autem
658 941 826 1007 Angli
859 940 1023 1013 quod
1055 957 1175 995 non
1208 942 1593 1012 prmvalerent
1617 942 1821 993 contra
1853 952 2072 1005 regem,

428 1030 533 1085 sed
566 1030 904 1085 deficientes
935 1029 1372 1095 aﬂligcbantur,
1418 1030 1707 1081 venerunt
1737 1025 1811 1079 ad
1884 1024 2072 1078 Hollo-

426 1135 586 1183 nem,
613 1119 895 1189 ﬂexisque
929 1118 1177 1185 genibus
1209 1117 1520 1171 dixerunt:
1565 1138 1590 1161 ‹‹
1623 1118 1915 1169 Dacorum
1966 1128 2073 1182 p0-

425 1207 771 1273 tentissime,
798 1222 907 1259 nos
926 1206 1043 1273 regi
1068 1205 1323 1258 .\lstemo
1344 1204 1597 1274 90011100
1610 1208 1661 1256 01
1687 1201 2070 1265 concordare,

425 1294 568 1365 quia
596 1293 911 1348 inconsulti
934 1298 1137 1346 contra
1190 1308 1386 1357 regem
1426 1290 1787 1361 praevaricati
1838 1303 2068 1351 sumus,

424 1381 717 1436 fidelitatis
736 1381 974 1435 vincula
1002 1385 1346 1451 rumpentes
1369 1396 1551 1450 quam
1584 1378 1635 1431 ei
1666 1376 2069 1449 promisimus.

425 1474 537 1524 Nos
564 1470 614 1524 ei
642 1469 880 1524 obsides
920 1468 1345 1523 conservandae
1378 1468 1514 1521 fidei
1546 1467 1848 1529 dabimus,
1906 1466 2070 1517 hine-

422 1572 538 1628 que
569 1558 619 1612 ei
669 1562 875 1628 sponte
906 1557 1318 1611 incumbentes
1364 1555 1611 1609 ﬁdeliter
1662 1554 2009 1607 serviemus.
2040 1570 2068 1601 ›

424 1645 587 1700 Rollo
614 1661 754 1701 vero
778 1645 870 1699 his
905 1644 1119 1699 auditis
1152 1646 1227 1698 ad
1262 1659 1460 1707 regem
1494 1643 1819 1696 Alstemum
1862 1641 1984 1705 ivit,
2018 1644 2072 1694 et

2187 493 2551 548 maritimum
2582 510 2856 561 regnum,
2877 494 3126 548 consilio
3158 497 3555 550 Francorum
3604 502 3786 563 rogat
3812 513 3855 549 at:

2188 598 2246 633 se
2298 584 2494 637 venire
2543 587 2905 637 Franconem
2942 586 3461 653 Rotomagensem
3517 584 3856 656 episcopum

2188 671 2411 725 Rolloni
2428 673 3730 741 jamattributunnCmtuigiturFrancorum
3752 691 3855 729 oon-

2186 766 2427 823 gregato
2462 778 2639 833 super
2670 762 2845 815 tantis
2875 762 3436 834 importunitatibus
3483 777 3856 834 paganorum.

2184 850 2551 919 consultum,
2582 852 2830 922 jamque
2854 852 3037 906 ascito
3053 854 3364 907 Francone
3387 852 3743 924 episcopo,
3755 870 3856 907 cou-

2182 937 2389 991 dolens
2420 939 2489 992 de
2522 944 2779 1003 egestate
2810 940 2975 1007 regni
3006 940 3118 1005 sui,
3151 940 3301 995 dixit
3335 957 3348 993 :
3385 961 3419 988 ‹‹
3452 943 3855 1009 Regnum,cw

2181 1041 2433 1095 prreesse
2466 1028 2675 1091 debeo,
2712 1029 3033 1083 desolatur.
3061 1031 3237 1083 Terra
3263 1032 3479 1084 aratro
3540 1045 3683 1084 non
3743 1031 3855 1084 80111

2181 1115 2356 1169 ditur.
2386 1118 2739 1188 Respublica
2769 1123 2824 1171 et
2854 1118 3192 1189 captivatur
3207 1124 3264 1174 et
3289 1117 3637 1173 occiditur.
3660 1120 3855 1175 Obesse

2184 1204 2407 1257 11011001
2440 1221 2691 1274 nequeo,
2724 1206 2867 1275 quia
2893 1205 3162 1275 quotidie
3219 1206 3372 1260 meis
3428 1207 3681 1279 privor.
3735 1210 3856 1272 Qua-

2179 1295 2857 1364 prOpterpaternitatem
2891 1296 3216 1349 sanctitatis
3253 1302 3367 1349 tuae
3416 1312 3610 1365 rogo,
3682 1304 3740 1352 et
3785 1298 3856 1350 de-

2182 1397 2407 1451 precor,
2446 1387 2505 1436 ut
2530 1382 2806 1453 acquiras
2837 1383 3010 1437 nobis
3038 1384 3203 1455 apud
3240 1384 3578 1440 Rollonem
3641 1402 3856 1457 seques-

2180 1474 2328 1523 tram
2362 1485 2569 1539 pacem
2604 1470 2777 1524 trium
2810 1471 3109 1525 mensium
3144 1477 3239 1526 :et
3261 1472 3309 1525 si
3342 1474 3505 1527 forte
3530 1473 3634 1527 his
3666 1475 3856 1528 diebus

2181 1557 2579 1611 Christianum
2607 1558 2728 1612 ﬁeri
2760 1576 2821 1612 se
2848 1559 3119 1625 voluerit,
3152 1561 3430 1616 maxime
3464 1561 3779 1617 beneﬁcia
3820 1564 3855 1616 ei

2180 1644 2481 1713 dabimus,
2514 1648 2873 1718 magnisque
2900 1646 3074 1701 donis
3092 1663 3230 1702 eum
3260 1651 3855 1707 remunerabimus.-

421 1734 585 1806 quod
626 1733 795 1801 Angli
849 1734 1171 1787 retulerunt
1211 1732 1331 1800 regi
1390 1731 1699 1785 intimavit.
1759 1733 1917 1784 'l‘unc
1970 1745 2069 1782 rex
2101 1747 2142 1802 Β
2184 1736 2401 1786 France
2432 1750 2587 1793 vero,
2615 1736 2705 1787 his
2735 1736 2975 1805 auditis,
3012 1739 3264 1791 Rotomo
3283 1752 3612 1808 reversus,
3649 1740 3853 1795 Rollom

422 1827 617 1877 motus
648 1823 863 1893 pietate
894 1822 1201 1893 quondam
1229 1836 1472 1873 suorum
1496 1820 1640 1872 dixit
1667 1836 1677 1871 :
1714 1842 1737 1867 ‹‹
1772 1822 1848 1872 .\'e
1874 1817 2070 1881 llagel-

420 1911 570 1966 letur
598 1910 934 1982 respublica
964 1909 1205 1975 diutius,
1230 1909 1276 1961 si
1305 1908 1589 1971 consulis,
1638 1923 1673 1961 0
1724 1906 1933 1971 amice,
1993 1904 2068 1958 ad

422 1998 799 2054 serviendum
828 1993 1140 2052 nobis‘eOs
1164 1997 1473 2050 obsidibus
1502 1996 1654 2049 datis
1711 1995 2014 2065 1001111001.
2044 2016 2068 2040 ››

420 2091 578 2143 Το00
606 2088 769 2142 Rollo
799 2103 810 2140 :
840 2110 866 2135 «
898 2090 999 2151 Tu,
1041 2086 1301 2149 domine,
1336 2086 1573 2139 obsides
1606 2089 2069 2155 perseveratnrze

422 2176 524 2230 tibi
554 2174 691 2229 ﬁdei
713 2175 926 2244 recipe.
982 2177 1100 2239 Ego
1158 2190 1294 2227 vero
1348 2173 1600 2241 advena,
1648 2188 1766 2225 non
1817 2187 2069 2232 cognos-

422 2279 562 2318 cens
593 2278 789 2316 mores
806 2262 1152 2327 Anglorum,
1177 2276 1578 2331 permansurae
1606 2260 1897 2313 tidelitatis
1924 2260 2068 2313 1111111

422 2352 663 2408 obsides
696 2350 995 2421 recipiam.
1035 2373 1059 2397 ››
1095 2350 1247 2403 111100
1269 2349 1591 2415 Anglorum
1616 2350 1867 2419 quisque
1890 2348 2071 2401 011011-

423 2454 525 2491 808
552 2454 771 2503 comes,
802 2454 984 2493 onera
1014 2438 1357 2491 otl'ensionis
1383 2441 1437 2491 et
1468 2438 1823 2508 prrnitentim
1857 2437 2065 2506 depor-

420 2532 570 2595 tans,
606 2527 727 2593 regi
761 2542 968 2589 unum,
993 2531 1047 2581 et
1080 2526 1304 2580 Rolloni
1329 2526 1578 2581 alterum
1633 2525 1903 2579 obsidem
1962 2526 2063 2578 de-

418 2614 652 2669 derunt.
690 2615 898 2686 Sicque
932 2615 1207 2679 ﬂagellati
1239 2615 1491 2682 dudum,
1543 2621 1593 2667 et
1625 2614 1913 2685 paritieati
1962 2629 2065 2683 per

418 2705 720 2760 Rollonem
749 2705 1120 2776 quieverunt.
1158 2708 1269 2759 Rex
1302 2710 1499 2759 autem
1528 2706 1851 2759 mstimams
1880 2704 2065 2757 110110-

415 2810 553 2849 nem
575 2810 701 2849 esse
734 2798 1104 2849 moraturum
1132 2794 1292 2848 omni
1327 2811 1502 2848 cursu
1536 2794 1815 2864 temporis
1862 2794 1921 2846 in
1955 2799 2056 2846 An-

417 2884 567 2951 glica
599 2887 771 2949 terra,
803 2883 1151 2937 denominat
1181 2884 1309 2951 ejus
1333 2881 1709 2937 medietatem
1738 2882 1925 2949 regni,
1951 2883 2061 2935 sci-

414 2971 545 3025 licet
572 2972 751 3025 urbes
778 2975 832 3025 et
864 2975 1079 3035 castra,
1104 2970 1273 3024 villas
1298 2976 1352 3025 et
1384 2971 1625 3041 oppida,
1657 2971 1824 3023 aulas
1860 2976 1915 3024 et
1963 2986 2062 3041 pa-

416 3058 573 3123 latia,
597 3062 652 3112 et
681 3074 817 3129 quas
842 3058 1140 3112 bonorum
1173 3074 1418 3111 suorum
1452 3057 1831 3128 supellectilia
1862 3076 1873 3117 ;
1917 3059 2059 3128 quin
2095 3092 2132 3145 Ο

417 3145 594 3200 etiam
625 3146 982 3216 deprecatur
1006 3150 1070 3199 ut
1093 3145 1249 3199 sinat
1275 3161 1336 3199 se
1405 3162 1572 3198 sacro
1630 3146 1785 3199 fonte.
1831 3146 2057 3207 redimi,

418 3248 597 3304 seque
658 3249 694 3288 a
734 3233 1068 3287 commissis
1129 3233 1299 3303 piari.
1352 3232 1516 3286 Rollo
1576 3238 1773 3287 autem
1827 3250 2062 3303 semper

416 3337 648 3376 memor
668 3321 936 3389 visionis,
971 3322 1245 3392 precibus
1276 3321 1431 3383 regis
1466 3337 1582 3375 non
1626 3323 1938 3392 acquievit,
1974 3340 2062 3376 ve-

414 3426 547 3465 rum
578 3426 711 3483 qua)
743 3428 863 3465 81110
896 3407 1064 3465 sortis
1095 3416 1281 3478 erant,
1322 3410 1634 3464 obsidibus
1682 3415 1815 3464 ante
1860 3427 2060 3479 regem

414 3498 743 3566 conductis,
775 3500 1057 3569 vultuque
1081 3514 1288 3551 sereno
1319 3498 1462 3551 dixit
1497 3514 1508 3550 :
1542 3520 1568 3543 ‹‹
1600 3498 1899 3553 Talionem
1931 3515 2057 3553 mo-

411 3587 508 3653 do,
541 3587 783 3642 domine
810 3603 931 3651 rex,
954 3603 1059 3658 pro
1086 3586 1259 3640 bonis
1289 3602 1423 3657 qure
1454 3586 1594 3639 1111111
1658 3586 1902 3653 Walgris
1955 3588 2061 3641 im-

410 3676 685 3747 pendisti,
717 3675 967 3730 reddidi.
993 3679 1261 3739 Regnum
1290 3674 1451 3745 quod
1478 3674 1617 3728 mihi
1651 3675 1803 3729 ultro
1824 3676 2055 3744 dedisti,

408 3780 514 3835 per
542 3766 703 3818 hunc
726 3780 1075 3818 mucronem
1100 3764 1419 3817 duodecim
1468 3763 1647 3817 libras
1686 3764 1813 3817 auri
1843 3766 2056 3834 capulo

409 3846 750 3913 habentem,
782 3847 969 3901 reddo
1027 3847 1148 3900 tibi.
1208 3846 1357 3910 Quin
1409 3847 1588 3900 etiam
1645 3847 1903 3913 obsides,
1952 3849 2053 3919 qui

410 3930 528 3985 mei
549 3929 699 3999 juris
730 3935 887 3993 sunt,
919 3934 976 3983 et
1000 3930 1100 4000 qui
1133 3934 1349 3997 astant,
1378 3929 1522 3998 jube
1552 3930 1730 4001 recipi
1758 3949 1770 3996 ;
1827 3947 2053 4003 praeca—

409 4034 554 4072 vens
587 4033 661 4073 ne
693 4021 931 4089 patrum
959 4033 1200 4072 suorum
1239 4022 1293 4072 et
1314 4033 1563 4072 avorum
1594 4020 1842 4089 perﬁdia
1870 4026 1920 4076 te
1949 4021 2054 4075 ite-

409 4122 545 4161 rum
575 4105 912 4177 respuendo
939 4106 1211 4177 decipiat.
1268 4110 1387 4174 Ego
1436 4108 1741 4162 Franciam
1795 4109 2055 4164 celeriter

408 4198 693 4266 repetam,
726 4210 1010 4266 meosque
1040 4194 1310 4250 inimicos
1342 4194 1606 4265 aﬂbgam
1637 4201 1694 4250 et
1725 4202 2049 4265 conteram,

406 4283 753 4355 disperdam
786 4287 840 4337 et
861 4283 1230 4339 convincam.
1266 4284 1525 4339 Tantum
1558 4289 1613 4339 te
1649 4284 1937 4355 deprecor
1993 4292 2054 4341 ut

404 4372 509 4443 qui
532 4387 628 4427 me
656 4372 1173 4443 sequimaluerint,
1206 4388 1330 4427 non
1360 4372 1680 4443 prohibeas
1728 4390 1829 4428 eis.
1858 4397 1883 4423 ››
1936 4378 2053 4429 Rex

404 4464 604 4514 autem
628 4459 957 4529 admirans,
986 4464 1040 4513 et
1063 4460 1281 4527 gratias
1310 4474 1487 4531 super
1511 4460 1602 4514 his
1632 4461 1801 4515 dictis
1844 4477 2048 4529 agens,

402 4548 584 4604 dixit:
614 4570 641 4597 α
673 4552 797 4603 Dux
858 4548 1410 4619 prrepotentissime,
1442 4565 1581 4620 pars
1635 4550 1850 4604 animae
1883 4567 2049 4617 meae,

402 4653 514 4707 ego
552 4643 747 4693 tecum
776 4638 896 4692 ibo.
923 4639 1161 4704 Regem,
1194 4638 1398 4705 duces,
1432 4643 1485 4692 et
1517 4639 1763 4693 comites
1788 4640 1890 4695 tibi
1940 4642 2050 4695 hu-

400 4726 665 4790 miliabo,
701 4750 728 4776 ››
754 4726 1077 4798 Respondit
1106 4726 1307 4781 Rollo:
1344 4748 1370 4775 «
1402 4730 1811 4798 Nequaquam,
1862 4728 2050 4784 domi-

398 4830 493 4885 ne,
523 4830 777 4885 regnum
798 4814 1081 4875 dimittas,
1110 4813 1205 4868 cui
1232 4830 1482 4885 praeesse
1508 4820 1561 4869 et
1592 4816 1876 4887 prodesse
1920 4818 2050 4888 jugi

394 4902 702 4971 juvamine
735 4903 939 4958 debes.
978 4925 1004 4952 η
1059 4902 1366 4973 Extemplo
1420 4902 1603 4965 Rollo,
1661 4904 2050 4961 amicabiliter

396 5004 534 5059 rege
561 4992 785 5059 relicto,
825 4996 1186 5061 congregata
1238 4990 1616 5047 inenarrabili
1676 4994 2048 5049 multitudine

392 5078 703 5147 juvenum,
730 5079 1104 5136 trausfretato
1124 5085 1300 5151 portu
1328 5081 1710 5136 Franciscum
1732 5082 2049 5137 advehitur

396 5180 669 5236 regnum.
719 5169 924 5225 Statim
976 5168 1221 5224 comites
1270 5171 1562 5225 exercitus
1611 5170 1702 5224 sui
1748 5171 2042 5239 dividens,

396 5253 545 5310 alios
571 5254 742 5312 alveo
771 5257 1076 5328 Sequana,
1128 5258 1276 5313 alios
1332 5258 1549 5327 Ligeris
1604 5259 1844 5326 ﬂuento,
1898 5260 2045 5315 alios

395 5354 574 5397 amne
602 5342 893 5401 Gerunda
922 5343 1335 5414 interjacentes
1365 5346 1707 5418 provincias
1737 5348 2040 5419 praedatu-

395 5443 515 5496 ros,
537 5427 713 5484 celeri
732 5430 1107 5499 navigatione
1135 5433 1314 5489 misit.
1349 5439 1479 5506 Ipse
1533 5441 1733 5491 autem
1782 5437 2042 5492 Parisius

393 5516 610 5571 iterum
637 5515 900 5583 veniens,
932 5519 1108 5589 ccepit
1138 5521 1349 5576 urbem
1388 5539 1761 5594 oppugnare,
1821 5529 1877 5579 et
1930 5531 2041 5579 ter-

394 5619 526 5661 ram
558 5618 743 5673 super
765 5603 1035 5661 inimicos
1057 5622 1195 5661 suos
1227 5609 1559 5666 devastare.

463 5690 713 5752 Carolus
738 5697 938 5749 autem
961 5709 1065 5748 rex
1093 5695 1342 5751 audiens
1369 5700 1535 5769 quod
1566 5699 1729 5755 Rollo
1761 5700 2040 5770 inoppor~

2082 4435 2126 4489 D

2179 1820 2315 1873 duci
2339 1821 2694 1875 humillimis
2728 1823 3005 1893 precibus
3029 1824 3212 1878 dixit:
3263 1846 3291 1871 ε(
3324 1827 3454 1879 Rex
3496 1829 3851 1882 Francorum.

2179 1909 2425 1961 mandat
2459 1916 2519 1962 ut
2548 1910 2653 1962 des
2691 1910 2799 1963 illis
2832 1926 3040 1981 pacem
3076 1912 3257 1967 trium
3288 1914 3643 1985 mensium,
3706 1917 3845 1971 forsi~

2180 2001 2277 2048 tan
2311 1997 2547 2049 dabitur
2579 1996 2813 2051 salubre
2838 1999 3159 2054 consilium
3186 2000 3340 2055 inter
3373 2006 3432 2056 te
3494 2007 3559 2057 et
3616 2003 3805 2058 illum.
3835 2030 3849 2047 μ

2180 2085 2341 2138 110110
2374 2091 2593 2148 autem,
2640 2088 2726 2140 his
2787 2088 3024 2155 auditis,
3072 2089 3326 2143 consilio
3376 2105 3659 2147 suorum
3716 2094 3851 2147 dedit

2178 2174 2295 2237 regi
2332 2179 2570 2243 pactum
2606 2176 2779 2229 trium
2828 2177 3147 2230 mensium.
3208 2178 3421 2249 Spatio
3482 2197 3646 2236 vero
3697 2182 3852 2250 hujus

2176 2262 2508 2315 brevissimi
2541 2264 2824 2333 temporis
2841 2265 3059 2335 quievit
3080 2271 3233 2320 terra
3249 2282 3286 2320 a
3303 2270 3850 2338 paganis.Audien~

2178 2354 2259 2402 tes
2292 2357 2487 2403 autem
2526 2353 2997 2420 Burgundiones,
3060 2354 3400 2409 Richardus
3456 2358 3721 2427 scilicet,
3778 2358 3847 2411 vel

2179 2437 2391 2489 Ebalns
2423 2438 2780 2492 l‘ictavensis
2808 2457 3028 2503 comes,
3059 2441 3227 2513 quod
3285 2444 3517 2500 Franci
3572 2446 3843 2501 imbelles.

2175 2527 2474 2596 armisque
2506 2528 2720 2594 frigidi,
2753 2529 2926 2599 quasi
2957 2529 3285 2586 etl'eminati
3346 2533 3665 2604 petissent
3704 2552 3845 2589 secu-

2175 2615 2403 2669 ritatem
2431 2618 2709 2681 Rollonis,
2738 2619 3024 2673 miserunt
3044 2619 3117 2673 ad
3147 2612 3381 2687 regem,
3401 2628 3465 2677 et
3483 2625 3569 2679 ad
3591 2626 3845 2681 comites.

2174 2704 2433 2756 dicentes
2458 2721 2468 2757 ε
2502 2728 2527 2749 ‹‹
2559 2708 2793 2759 Terram
2816 2722 3001 2776 quam
3037 2708 3245 2762 tenetis
3267 2724 3382 2763 cur
3407 2710 3623 2766 sinitis
3651 2718 3846 2767 vastat;

2174 2807 2207 2844 a
2238 2793 2490 2862 paganis
2522 2794 2548 2847 ?
2578 2809 2682 2847 cur
2712 2811 2831 2848 non
2865 2795 3239 2850 auxiliamini
3262 2797 3508 2868 quibus
3526 2816 3790 2871 praeesse
3808 2814 3847 2853 et

2173 2881 2461 2950 prodesse
2492 2882 2738 2949 debetis,
2774 2884 3016 2954 suisque
3047 2885 3273 2939 ﬁnibus
3297 2889 3741 2946 exterminantes
3765 2905 3843 2943 cur

2173 2984 2291 3021 non
2316 2969 2582 3023 resistitis
2609 2972 2796 3033 genti?
2825 2975 2939 3025 Nos
2970 2973 3140 3027 vobis
3172 2974 3221 3027 si
3250 2974 3586 3032 volueritis
3620 2980 3837 3034 auxilia

2174 3059 2393 3125 bimur,
2427 3065 2481 3113 et
2514 3060 2563 3113 si
2590 3061 2731 3114 forte
2756 3061 3040 3123 ingruerit
3079 3068 3290 3119 contra
3330 3081 3454 3119 nos
3484 3067 3725 3124 bellum
3770 3086 3837 3115 νιν

2172 3146 2422 3201 luntarie
2455 3149 2812 3203 aderimus.»
2846 3151 3053 3205 Franci
3076 3168 3220 3206 vero
3252 3152 3348 3207 bis
3414 3160 3829 3213 contumelias»!

2172 3235 2547 3289 sermonibus
2578 3239 2930 3308 exasperati,
2966 3241 3136 3293 tinito
3197 3242 3469 3298 termino
3528 3250 3837 3301 securitate

2170 3329 2475 3394 creperunt
2508 3325 2790 3380 rebellare
2821 3329 3095 3398 paganis.
3141 3329 3301 3385 111100
3337 3333 3525 3388 R0110
3550 3342 3774 3407 putans
3801 3352 3839 3386 se

2170 3418 2410 3482 propter
2434 3416 2809 3469 securitatem
2840 3432 3025 3486 quam
3050 3418 3304 3483 dedit,-a
3358 3423 3630 3479 Francis
3690 3425 3840 3477 vilem

2170 3501 2547 3567 (estimatum,
2579 3502 2845 3557 ferociter
2866 3509 2921 3558 et
2948 3504 3264 3561 crudeliter
3292 3507 3707 3568 devastando
3735 3529 3841 3585 pro

2168 3588 2412 3657 vincias,
2434 3591 2609 3661 erepit
2638 3592 2879 3657 laniare,
2907 3597 2961 3647 et
2990 3594 3274 3661 atlligere,
3303 3600 3508 3669 atque
3543 3601 3747 3657 delere
3764 3619 3841 3673 pe

2168 3677 2503 3745 pulum.Sui
2523 3684 2720 3733 autem
2740 3681 2797 3733 in
2818 3683 3228 3747 Burgundiam
3252 3694 3626 3755 pergentes.
3642 3706 3835 3762 perque

2164 3766 2377 3818 Jonam
2409 3767 2465 3820 in
2496 3768 2775 3835 Sigonam
2810 3770 3185 3840 navigantes,
3228 3776 3528 3846 terraque
3572 3780 3834 3833 amnibus

2165 3852 2373 3907 atlines
2408 3871 2593 3925 usque
2626 3856 2865 3912 Clarum
2890 3863 3159 3914 montem
3191 3861 3482 3933 undique
3532 3883 3721 3922 secus
3764 3867 3829 3919 dr-

2162 3947 2486 4014 vastantes,
2523 3946 2772 3999 Senonis
2803 3947 3179 4017 provinciam
3209 3949 3619 4021 invaserunt,
3687 3963 3833 4026 atquc

2162 4036 2375 4086 cuneta
2398 4033 2831 4105 depopulantes
2856 4036 2929 4089 ad
2964 4038 3641 4101 Sanctum-Benedicti.
3656 4063 3715 4101 m
3735 4062 3835 4099 con-

2163 4122 2249 4173 tra
2280 4119 2588 4174 Rollonem
2622 4129 2997 4178 revenerunt.
3028 4125 3245 4179 Videtis
3279 4133 3501 4185 autem
3530 4135 3711 4189 Rolio
3740 4151 3837 4187 im»

2160 4210 2483 4263 nasterium
2557 4212 3095 4281 Sancti-Benedicti,
3183 4213 3331 4269 illud
3425 4224 3833 4278 contaminare

2160 4297 2366 4363 noluit,
2450 4315 2558 4353 nec
2607 4300 2859 4371 praedari
2904 4301 3067 4356 illam
3122 4304 3530 4374 provinciam
3626 4324 3827 4383 prope:

2161 4391 2433 4439 sanctum
2476 4389 2853 4443 Benedictum
2884 4390 3172 4461 permisit.
3236 4395 3549 4467 Stampas
3579 4401 3827 4455 eruider;

2160 4474 2365 4527 adiens
2398 4480 2579 4530 totam
2612 4480 2831 4531 terram
2862 4479 3239 4547 adjacentem
3270 4484 3586 4552 perdidit,
3652 4507 3829 4562 quar-

2160 4562 2447 4632 plurimos
2474 4565 2810 4635 captivavit.
2846 4567 2987 4621 Inde
3015 4568 3093 4622 ad
3124 4568 3409 4625 Villemez
3482 4581 3635 4633 ven?
3666 4596 3750 4633 ens
3792 4588 3829 4627 1.-

2157 4650 2394 4705 nitimas
2418 4656 2599 4707 terras
2622 4655 2932 4725 praedavit,
2964 4656 3223 4728 hincque
3247 4660 3542 4719 Parisius
3588 4683 3823 4723 remeat:

2157 4740 2521 4796 acceleravit.
2555 4743 2770 4797 Rustici
2797 4759 2939 4799 vero
2966 4745 3231 4801 videntes
3258 4750 3549 4810 Francos
3572 4773 3625 4811 Γ(
3662 4760 3831 4812 busie-

2158 4827 2343 4881 simos
2375 4828 2688 4884 bellatores
2719 4836 2774 4886 et
2806 4833 3267 4899 Burgundiones
3294 4844 3709 4908 asperrimcis

2156 4920 2432 4984 gnatores
2463 4918 2699 4988 penitus
2730 4919 3115 4985 adnihilatos,
3135 4937 3621 4996 congregantes
3648 4938 3827 4990 incon"

2153 5000 2611 5072 prchensibilem
2644 5020 2895 5061 numero
2926 5008 3408 5082 multitudinem,
3443 5017 3729 5077 desueta

2155 5100 2255 5139 ma
2284 5086 2683 5158 nequicquam
2716 5095 3018 5157 gerentem
3042 5099 3346 5150 conantur
3372 5098 3703 5163 invadere

2155 5172 2374 5267 Ionem.
2410 5175 2573 5229 Rollo
2614 5183 2817 5233 autem
2847 5180 3176 5250 respiciens
3232 5184 3398 5241 vidit
3454 5205 3690 5251 aemm
3740 5194 3825 5267 με

2153 5264 2546 5332 verulentum,
2617 5268 3098 5342 creberrimoque
3167 5288 3500 5336 concursu
3587 5264 3827 5358 pedita:

2152 5350 2395 5445 densius
2426 5353 2843 5411 obnubilatum
2869 5376 2880 5423 ;
2913 5361 3264 5416 convocatis
3293 5350 3720 5445 principibus
3743 5393 3825 5429 sv.--

2151 5437 2341 5531 dixit‘:
2375 5462 2401 5489 α
2440 5443 2695 5513 Populus
2724 5446 2992 5516 peditum
3022 5450 3229 5505 nescio
3262 5467 3349 5509 an
3400 5437 3712 5531 eqﬂimm
3760 5482 3783 5517 ῃ
3820 5494 3823 5495 ν

2152 5528 2436 5624 sequitur.
2472 5532 2695 5587 Pedites
2720 5535 2904 5589 nostri
2926 5535 3195 5593 celeriter
3222 5544 3399 5600 viam
3418 5528 3679 5622 ρξειεωι,
3698 5572 3767 5624 eq
3792 5602 3797 5603 γ

2152 5620 2234 5668 tes
2262 5617 2580 5674 nobiseum
2608 5628 2959 5677 remaneant
2985 5642 2997 5682 :
3027 5631 3091 5678 nt
3122 5617 3467 5691 videamus
3504 5617 3699 5711 cujus

2149 5702 2411 5759 timdinis
2437 5710 2555 5763 sint
2580 5709 2685 5779 qui
2703 5723 2815 5765 nos
2839 5711 3089 5781 perdere
3115 5716 3407 5779 velut.»
3446 5702 3817 5803 ειιῇοεωει
