3878 6382
17 286 116 337 64Ξῖ

575 281 663 335 DE
704 283 942 337 GESTIS
983 279 1418 337 NORMANNIE
1459 275 1695 332 DUCUM
1737 272 1918 330 LIBRI
1959 275 2163 334 TRES.
2206 310 2273 318 —
2322 279 2448 334 LIB.
2494 280 2562 335 Il.
2605 281 2860 337 ROLLO.

3325 287 3426 340 646

14 413 211 461 autem
242 405 482 461 Rollone
509 422 647 460 cum
679 406 999 477 equitibus,
1024 405 1659 478 appropinquaverunt
1689 404 1732 454 Α
1777 400 1913 455 Inde
1943 401 2048 456 tibi
2075 402 2321 458 meliora
2350 402 2518 458 dabit
2538 405 2666 474 jam
2697 405 2863 471 fruge
2890 405 3156 476 perenni.

14 495 229 557 rustici,
259 493 484 565 equites
535 509 668 548 eum
728 494 1042 565 peditibus.
1081 494 1237 548 Illico
1288 493 1454 547 Rollo
1496 489 1659 544 irruit

14 600 192 654 super
217 583 488 649 villanos,
518 583 861 654 crudelique
894 598 1033 636 nece
1083 583 1213 636 illos
1247 598 1436 653 usque
1469 579 1543 634 ad
1572 579 1660 632 in-

14 673 410 728 ternecionem
460 673 794 743 prostravit,
829 677 885 726 et
913 671 1182 726 contrivit
1226 689 1352 738 eos,
1381 670 1661 740 caedeque

14 762 274 817 maxima
307 766 566 832 peracta,
598 761 903 832 repedavit
953 761 1028 814 ad
1074 777 1234 815 suos.
1284 764 1490 814 Postea
1524 774 1662 813 vero

14 852 181 906 [tollo
207 851 390 905 nimio
415 851 624 905 furoris
651 855 797 905 testu
823 850 1084 919 inhians,
1114 855 1168 905 et
1198 853 1458 916 flagrans
1487 864 1664 919 super

13 958 152 994 suos
178 940 450 994 inimicos
480 940 775 994 civitatem
808 939 1072 995 Carnotis
1111 939 1395 994 hostiliter
1425 937 1660 1010 expetit,

13 1037 191 1101 atque
242 1033 581 1084 Dunensem
629 1029 976 1084 comitatum
1017 1034 1074 1084 et
1108 1034 1529 1084 tiarnotensem
1561 1042 1662 1081 va-

14 1124 198 1186 stans,
233 1134 369 1172 eum
401 1133 623 1185 magno
665 1117 922 1171 exercitu
953 1116 1203 1171 obsedit.
1241 1116 1493 1181 Quidam
1524 1130 1666 1168 vero

14 1207 327 1278 episcopus
371 1206 776 1261 Guvaltelmus
827 1205 956 1259 urbi
997 1209 1245 1277 przeerat
1292 1203 1663 1273 religiosissi-

13 1313 166 1349 mus.
205 1300 253 1348 Is
285 1312 543 1349 [merens
569 1301 624 1349 et
654 1295 910 1363 ejulans,
944 1294 1359 1365 continuisque
1390 1291 1666 1347 orationi-

13 1386 123 1438 bus
154 1385 402 1454 instans,
433 1384 590 1438 misit
640 1385 716 1437 ad
771 1384 1265 1450 Burgundionum
1309 1383 1525 1435 ducem
1578 1379 1669 1434 Ri-

14 1474 325 1537 eliardum,
358 1479 414 1527 et
443 1473 521 1527 ad
551 1473 955 1527 Pictavensem
993 1473 1272 1526 comitem
1307 1471 1574 1538 Ebalum,
1606 1475 1670 1524 ut

13 1564 401 1618 subvenirent
443 1561 575 1616 urbi
619 1565 807 1616 morte
847 1567 1280 1633 praeoccupatae
1327 1576 1435 1632 pro
1465 1575 1668 1616 amore

13 1655 108 1708 Dei
142 1655 203 1708 in
234 1652 541 1708 auxilium.

450 1795 513 1830 DE
553 1792 820 1831 CARNOTIS
859 1792 1237 1830 LIBERATIONE.

79 1864 229 1921 Misit
260 1870 460 1920 autem
491 1871 544 1920 et
571 1866 646 1920 ad
679 1869 930 1920 Francos
959 1865 1139 1934 hujus
1167 1863 1485 1919 mrestifere
1513 1864 1669 1932 lega-

14 1955 189 2009 .iouis
213 1955 470 2010 nuntios.
490 1955 597 2020 Qui
631 1955 890 2009 celeriter
922 1954 1212 2008 Hichardo
1237 1953 1433 2008 comiti
1463 1954 1666 2008 adlue-

19 2051 206 2098 'entes
236 2044 582 2099 invaserunt
614 2044 922 2098 Rollonem
974 2043 1129 2098 circa
1161 2060 1365 2097 muros
1401 2043 1666 2098 (Iarnotis

13 2132 401 2205 srzeliantcm.
459 2133 626 2187 Itollo
680 2149 834 2198 vero,
879 2149 1043 2187 more
1094 2133 1284 2201 solito,
1326 2138 1668 2188 constanter

23 2222 176 2277 rruit
205 2238 382 2294 super
414 2222 560 2276 illos.
599 2223 801 2276 Franci
833 2239 972 2277 vero
1005 2227 1057 2276 et
1106 2222 1555 2288 Burgundiones
1590 2223 1667 2276 vi-

17 2329 97 2363 'es
133 2315 527 2378 resumentes,
558 2327 895 2381 ausumque
925 2310 1135 2364 iterum
1165 2312 1483 2380 capientes,
1505 2311 1669 2365 iuva-

14 2400 160 2453 .lunt
188 2397 499 2453 Rollonem
531 2399 753 2453 duriter
785 2399 893 2452 illis
926 2399 1282 2453 obstantem.
1317 2401 1493 2453 Caesis
1528 2416 1668 2470 ergo

29 2487 480 2542 lbristianorum
504 2505 572 2543 ac
599 2504 976 2560 paganorum
1007 2488 1276 2560 pluribus
1303 2489 1495 2544 stabat
1522 2495 1668 2544 uter-

22 2596 125 2650 [ue
178 2577 238 2631 in
293 2577 493 2649 przelio
548 2579 857 2644 exercitus,
910 2582 1151 2632 mutans
1203 2579 1383 2633 vitam
1428 2579 1668 2634 alternis

21 2668 262 2733 ctibus;
315 2684 451 2722 cum
486 2667 681 2722 subito
714 2667 1118 2723 (luvaltelmus
1149 2668 1466 2739 cpiscopus
1496 2669 1669 2740 quasi

19 2759 262 2811 nis-sam
293 2757 720 2824 celebraturus,
753 2756 1036 2812 infulatus
1086 2757 1488 2830 bajulansque
1541 2776 1670 2812 cru-

14 2863 139 2901 :em
168 2849 347 2918 atque
383 2846 641 2900 tunicam
675 2850 1064 2900 sacrosanctae
1116 2845 1304 2900 Mariae
1337 2846 1580 2914 virginis
1610 2846 1670 2902 in

14 2933 316 3002 nanibus,
348 2940 744 3007 prosequente
776 2935 931 2989 clero
959 2951 1093 2989 cum
1129 2935 1378 3003 civibus,
1412 2937 1668 2990 ferratis-

14 3041 122 3098 Iue
159 3023 402 3078 aciebus
433 3024 818 3095 constipatus,
849 3023 1126 3079 exsiliens
1159 3025 1232 3079 de
1281 3024 1530 3091 civitate,
1562 3041 1667 3096 pa-

13 3128 308 3183 ganorum
340 3115 507 3182 terga
554 3113 679 3167 telis
711 3113 983 3168 verberat
1013 3119 1069 3168 et
1095 3113 1502 3169 mucronibus.
1540 3117 1669 3170 Cer-

16 3219 158 3258 iens
213 3205 412 3256 autem
462 3218 522 3256 se
576 3202 744 3257 R0110
799 3203 949 3257 inter
987 3207 1307 3275 utrumque
1348 3204 1668 3258 exercitum

16 3301 188 3361 ,tare,
238 3287 418 3364 seque
451 3307 572 3346 non
607 3291 951 3364 prtevalere,
996 3309 1261 3366 suosque
1305 3293 1669 3354 decrescere,

16 3377 305 3437 ransiens
336 3395 443 3452 per
473 3379 740 3434 medium
770 3379 1029 3449 illorum,
1063 3381 1242 3456 coepit
1274 3380 1350 3435 ab
1382 3382 1466 3436 eis
1491 3381 1670 3436 decli-

15 3486 180 3538 iare,
213 3483 287 3522 ne
316 3475 840 3541 praeoccuparetur
867 3473 1076 3524 morte.

655 3618 1036 3657 APOS'I‘ROPHA.

18 3710 191 3766 tollo
216 3711 548 3780 potensque
580 3709 902 3780 valensque
930 3710 1292 3781 asperrimus
1325 3712 1528 3779 armis,

17 3806 86 3856 ἐρ
127 3798 551 3852 verecunderis
585 3798 627 3852 si
655 3799 783 3867 jam
823 3799 1104 3868 fugitivus
1131 3799 1390 3868 tiaberis,

19 3895 148 3945 (οη
180 3892 233 3941 te
269 3889 488 3942 Franco
521 3886 705 3956 fugat,
742 3892 792 3942 te
822 3904 930 3942 nec
965 3888 1304 3957 Burgundio
1341 3888 1532 3958 caedit,

20 3977 240 4036 loncio
263 3975 629 4030 multimoda:
659 3977 966 4049 gentisque
995 3978 1302 4049 utriusque
1325 3979 1675 4050 phalangis:

19 4071 125 4127 Berl
160 4066 366 4123 tunica
396 4067 555 4121 alma
587 4068 684 4121 Dei
718 4068 1013 4134 genitricis
1042 4069 1312 4137 Virginis,
1343 4075 1520 4141 atque

19 4155 428 4228 teliquiaeque
462 4155 658 4220 simul,
692 4157 1024 4228 philateria,
1058 4174 1322 4229 cruxque
1357 4159 1636 4214 verenda.

21 4258 215 4316 tuam
242 4244 403 4299 velut
425 4246 483 4299 in
514 4245 794 4300 manibus
819 4247 1037 4301 meritis
1054 4247 1274 4320 praesul
1297 4248 1677 4314 reverendus,

24 4337 179 4393 ’elle
216 4337 384 4387 tuum
418 4349 652 4405 semper
681 4334 781 4388 tibi
814 4351 1011 4405 posse,
1046 4336 1223 4390 veluit
1256 4336 1362 4391 fuit
1392 4336 1567 4391 olim:

21 4436 63 4484 “.t
100 4422 302 4481 modo
328 4422 595 4494 velleque
628 4439 801 4494 posse
834 4429 1004 4478 tuum
1034 4425 1298 4491 legaliter
1324 4426 1514 4495 ibunt,

21 4527 319 4582 'osseque
345 4511 493 4566 velle
523 4515 690 4566 tuum
735 4513 1072 4567 humanum
1099 4514 1475 4585 jamjamque
1508 4531 1682 4570 reno-

1473 4604 1680 4672 [scent.

23 4693 173 4750 'elle
207 4693 378 4744 tuum
409 4687 590 4741 modo
621 4704 796 4759 posse
827 4705 1006 4742 suum
1030 4693 1047 4709 '
1076 4690 1368 4760 spectabit
1394 4691 1678 4758 amicum,

31 4794 321 4850 ossaque
350 4777 494 4832 velle
527 4793 704 4831 suum
736 4778 816 4831 sic
847 4779 1225 4848 praestabitur
1252 4779 1471 4850 ipsum.

32 4871 160 4940 οη)
173 4867 370 4922 unctis
401 4865 619 4938 pariter
645 4865 735 4920 his
762 4865 1195 4937 disjunctisquc
1217 4866 1479 4937 duobus,

26 4967 123 5019 ut:
165 4956 346 5011 facies
377 4961 477 5010 aut
511 4971 631 5009 non
659 4970 1038 5026 quascunque
1069 4955 1306 5023 negotia
1340 4956 1443 5025 rei,

26 5051 162 5107 .uis
200 5045 328 5099 sine
355 5045 626 5115 perficies
665 5044 884 5099 nullius
918 5060 1159 5097 summa
1191 5044 1429 5111 negotii.

25 5153 191 5211 Rape
221 5134 482 5204 adquirit
511 5139 755 5205 uterque
789 5149 966 5186 suum
1003 5132 1286 5186 violenter
1325 5132 1607 5186 amicum.

27 5251 90 5287 re.
103 5241 194 5300 pe
226 5223 444 5278 resistit
472 5229 719 5294 uterque
748 5239 856 5277 suo
887 5221 1099 5294 rapido
1125 5222 1294 5276 obice
1322 5221 1537 5276 amico.

28 5323 250 5377 'atura
280 5315 550 5365 servante
593 5313 864 5379 modum,
897 5326 1082 5382 quam
1115 5316 1355 5382 propter
1385 5309 1648 5365 amicum

28 5399 300 5466 onditio
331 5399 581 5454 humani
619 5399 888 5466 figmenti
919 5399 1094 5454 tristis
1125 5400 1397 5454 habetur.

365 5550 488 5588 ΙΤΕΜ
529 5550 891 5591 APOSTROPHA
930 5553 1002 5590 AD
1041 5552 1349 5592 ROLLONEM.

40 5636 407 5707 ultimodas
439 5653 714 5707 perpesse
747 5639 962 5703 minas,
993 5641 1330 5711 nimiosque
1360 5641 1620 5707 labores,

33 5733 196 5801 "de
227 5725 497 5796 fatigavit
521 5729 704 5781 temet
725 5725 964 5782 fortuna
990 5728 1267 5799 querelis.

1773 494 1999 561 Aspera
2031 496 2112 546 tot
2145 492 2389 547 tolerata
2421 492 2523 547 diu
2555 493 2737 548 modo
2767 493 2901 548 laeta
2940 498 3281 565 sequentur.

1774 581 2000 635 Gaudia
2031 581 2210 650 longa
2243 586 2427 636 metes
2458 582 2594 638 hinc
2627 584 2762 638 hinc
2796 599 3048 638 maerore
3081 585 3350 640 subacto.

1775 671 1854 723 Te
1882 670 2052 726 labor
2077 672 2363 726 artificem
2393 671 2529 726 belli
2561 673 2872 744 hucusque
2901 673 3127 744 peregit
3152 691 3164 727 :

1775 761 1905 813 Post
1935 761 2043 814 hos
2073 777 2357 815 mrerores
2383 766 2472 816 sat
2501 762 2662 816 dona
2692 761 2906 833 quietis
2937 762 3208 817 habebis.

1775 849 2044 919 Namque
2076 848 2279 904 labore
2311 849 2476 918 gravi
2507 855 2898 905 concrescunt
2924 851 3173 922 praemia
3215 851 3422 908 multa.

1776 1024 2064 1090 Quaedam
2115 1028 2270 1082 acies
2318 1043 2697 1099 paganorum
2737 1029 3000 1083 evadens
3053 1028 3199 1084 forte
3244 1029 3428 1103 prrelii

1775 1113 2105 1184 periculum
2157 1115 2232 1168 ad
2289 1117 2519 1174 Leugas
2553 1116 2833 1186 pervenit,
2868 1122 2923 1171 et
2951 1118 3168 1172 montis
3198 1119 3431 1174 excelsa

1775 1201 1969 1256 subiit.
2007 1203 2192 1258 Finito
2243 1203 2417 1272 igitur
2463 1204 2559 1258 tali
2610 1209 2665 1258 et
2696 1208 2818 1258 tam
2850 1221 3074 1273 magno
3106 1207 3428 1263 certamine

1772 1289 1930 1354 belli,
1963 1291 2179 1345 Ebalus
2212 1308 2457 1363 vespere
2507 1292 2747 1347 advenit
2778 1309 2916 1346 cum
2963 1294 3107 1362 suis,
3143 1298 3428 1351 Francos-

1773 1371 1890 1449 que
1921 1382 1975 1432 et
2002 1380 2458 1447 Burgundiones
2492 1381 2856 1451 imprecetur
2890 1382 3068 1435 nimis
3095 1400 3106 1436 :
3159 1405 3185 1430 «
3212 1387 3294 1440 Me
3320 1400 3428 1456 pro

1775 1467 1958 1522 nihilo
1988 1468 2258 1537 duxistis,
2292 1469 2538 1540 quando
2591 1469 2858 1540 prrslium
2904 1469 3028 1524 sine
3057 1487 3150 1526 me
3181 1472 3427 1528 inchoa-

1777 1556 1899 1610 stis.
1935 1557 2403 1628 Blasphemabor
2451 1573 2487 1612 a
2530 1558 2756 1611 cunctis
2807 1558 3103 1627 gentibus,
3136 1574 3271 1630 quae
3320 1577 3428 1616 au-

1776 1645 1984 1699 dituraa
2016 1650 2152 1700 sunt
2181 1646 2293 1701 hoc
2324 1651 2586 1700 eventus.
2619 1647 2770 1701 Proh
2801 1646 3002 1701 dolor!
3030 1647 3271 1702 mallem
3297 1664 3427 1704 mo-

1707 1751 1748 1806 B
1777 1733 1824 1786 ri
1855 1749 1990 1787 cum
2032 1733 2142 1788 isto
2191 1733 2415 1806 populo
2463 1750 2649 1805 quam
2675 1734 2910 1788 abesse
2942 1734 3163 1806 praalio.
3197 1757 3221 1783 n
3259 1735 3428 1790 Tunc

1782 1821 1983 1876 Franci
2010 1826 2066 1876 et
2097 1822 2546 1890 Burgundiones
2596 1822 2873 1878 dixerunt
2913 1823 2991 1878 ad
3024 1823 3271 1878 Ebalum
3304 1825 3430 1880 sine

1777 1926 1838 1964 re
1868 1910 2206 1981 querulum.
2258 1932 2285 1963 ‹‹
2305 1911 2509 1965 Adhuc
2553 1917 2855 1982 exspectat
2904 1917 2954 1966 te
2985 1912 3210 1984 aliquid
3241 1918 3428 1969 certa-

1779 1998 1974 2063 minis,
2007 2014 2129 2069 quo
2178 2003 2343 2070 potes
2389 2004 2441 2053 te
2489 2005 2736 2071 tuosque
2785 2000 3057 2071 experiri.
3109 2001 3431 2057 Considera

1779 2089 2223 2142 Northmannos
2282 2089 2483 2160 prz—elio
2541 2091 2800 2159 fugatos,
2863 2106 3151 2146 cacumen
3212 2091 3430 2146 montis

1779 2193 1964 2231 causa
2011 2178 2268 2248 praesidii
2318 2194 2651 2246 aggressos.
2707 2179 3009 2249 Praecipita
3054 2196 3196 2248 ergo
3243 2197 3343 2236 eos
3397 2197 3431 2236 a

1779 2271 1998 2327 monte,
2048 2282 2377 2338 eorumque
2425 2267 2766 2338 superbiam
2808 2267 2979 2322 elide.
3006 2269 3258 2324 Vindice
3300 2285 3433 2325 san-

1780 2355 2020 2423 guinem
2065 2359 2425 2410 Francorum
2476 2362 2530 2410 et
2583 2357 3093 2424 Burgundionum,
3125 2359 3238 2414 hoc
3269 2376 3432 2414 cam-

1778 2461 1878 2516 po,
1901 2444 2018 2497 heu
2043 2444 2245 2499 dolor!
2277 2445 2625 2514 jacentium.
2659 2445 2919 2500 Sentiant
2952 2451 3002 2500 te
3034 2447 3215 2501 modo
3247 2448 3430 2502 adve-

1779 2533 1959 2592 nisse.
1990 2533 2093 2603 qui
2125 2533 2453 2602 gloriantur
2480 2536 2551 2600 fse
2602 2534 2928 2605 perieulum
2977 2535 3179 2589 mortis
3207 2536 3429 2590 evasis-

1781 2640 1862 2677 se.
1889 2644 1914 2670 »
1951 2623 2043 2676 His
2078 2623 2253 2687 igitur
2282 2624 2473 2692 dictis,
2505 2625 2719 2678 Ebalus
2743 2624 2965 2679 invadit
2992 2627 3434 2680 Northmannos

1779 2712 1839 2766 in
1866 2715 2068 2765 monte
2102 2712 2352 2766 nimium
2385 2714 2709 2768 exterritos.
2763 2713 2976 2767 Ebalus
3003 2719 3200 2768 autem
3231 2729 3432 2768 ascen-

1779 2801 1961 2855 debat
2013 2804 2280 2854 montem
2332 2816 2468 2855 eum
2520 2802 2664 2866 suis,
2719 2802 2857 2857 Daci
2903 2819 3041 2857 vero
3088 2803 3437 2858 resistebant

1780 2906 1881 2943 eos
1905 2888 2139 2957 jaculis.
2177 2888 2392 2943 Ebalus
2417 2890 2678 2957 jaciebat
2720 2907 2790 2944 eo
2824 2891 3088 2958 missilia,
3124 2891 3258 2945 Daci
3301 2907 3436 2946 vero

1781 2977 2086 3032 violabant
2133 2993 2236 3032 eos
2289 2977 2523 3047 jaculis.
2572 2978 2832 3033 Ebalidie
2889 2980 3196 3035 tentabant
3239 2995 3440 3035 ascen-

1712 3102 1751 3157 C
1783 3067 1920 3121 dere
1970 3081 2258 3157 cacumen
2299 3068 2549 3157 montis,
2610 3067 2939 3157 Rollonidre
2989 3069 3442 3140 praecipitabant

1783 3171 1884 3210 eos
1928 3170 2116 3226 usque
2172 3155 2248 3208 ad
2299 3155 2492 3209 basim
2549 3155 2788 3210 montis.
2848 3156 3106 3212 Ebalidre
3164 3173 3334 3228 sepes
3387 3162 3442 3212 et

1782 3243 2052 3315 parietes,
2083 3259 2234 3314 quas
2263 3243 2401 3298 Daci
2445 3243 2520 3298 ad
2553 3243 2915 3314 capiendum
2961 3245 3258 3301 civitatem
3289 3246 3441 3301 fece-

1782 3337 1939 3397 runt,
1971 3330 2047 3385 ad
2081 3337 2345 3386 montem
2373 3331 3011 3403 deportaverunt.Daci
3028 3349 3170 3388 vero
3195 3335 3440 3389 eosdem

1782 3421 2034 3494 parietes
2084 3427 2138 3475 et
2197 3436 2368 3491 sepes
2420 3421 2533 3475 illis
2581 3420 2955 3476 abstulerunt
2999 3426 3056 3477 et
3097 3437 3160 3476 se
3210 3437 3283 3478 ex
3330 3423 3443 3478 illis

1785 3508 2215 3565 circumdanda
2273 3509 2635 3564 munierunt.
2690 3509 2948 3580 Populus
2991 3525 3134 3564 vero
3191 3513 3444 3567 Franco-

1784 3617 1918 3655 rum
1966 3598 2351 3670 exspectabat
2397 3599 2575 3652 finem
2602 3598 2961 3668 jurgiorum.
3008 3599 3224 3653 Ebalus
3264 3599 3444 3668 igitur

1787 3689 1992 3743 videns
2021 3687 2182 3758 quod
2224 3703 2345 3741 non
2394 3687 2705 3758 proficeret
2753 3689 2805 3740 ei
2856 3687 3067 3741 initum
3118 3691 3438 3754 certamen,

1787 3777 1946 3832 venit
1966 3777 2040 3830 ad
2073 3776 2436 3830 Richardum
2467 3775 2682 3829 ducem
2708 3776 2766 3830 in
2794 3791 3010 3846 campo
3032 3775 3218 3848 prtelii
3248 3781 3445 3832 castra

1787 3871 2128 3922 metantem.
2165 3866 2331 3919 Tunc
2362 3864 2649 3919 exercitus
2693 3869 2957 3919 montem
3012 3865 3442 3938 circumsepsit,

1788 3973 1862 4010 ne
1919 3960 2123 4027 posset
2177 3954 2329 4008 ullus
2379 3953 2551 4009 elabi.
2610 3953 2881 4007 Videntes
2935 3961 3135 4010 autem
3189 3955 3326 4010 Daci
3383 3971 3444 4010 se

1789 4046 2219 4115 circumseptos
2277 4043 2471 4115 plebe,
2539 4042 2815 4096 dixerunt
2881 4043 2957 4097 ad
3018 4043 3317 4098 invicem:
3389 4044 3446 4101 Si

1790 4138 2161 4206 exspectetur
2194 4133 2341 4187 forte
2372 4132 2497 4186 dies
2537 4131 2790 4197 futurus,
2824 4145 3034 4190 omnes
3067 4132 3264 4201 gladio
3296 4132 3444 4187 inte-

1791 4224 2094 4278 rimemur.
2129 4222 2435 4276 Frisonum
2467 4220 2715 4292 quidam
2763 4219 2836 4273 de
2892 4225 3064 4288 gente
3115 4223 3310 4288 natus,
3342 4220 3446 4291 qui

1790 4316 1918 4367 erat
1962 4310 2077 4364 illis
2122 4309 2471 4374 accreditus,
2525 4308 2671 4362 dixit
2741 4312 2993 4362 mortem
3063 4307 3442 4362 timentibus:

1795 4425 1818 4448 υ
1849 4399 2013 4454 Dabo
2064 4398 2380 4453 consilium
2429 4396 2600 4451 vobis
2638 4396 3038 4467 profuturum.
3074 4395 3446 4466 Intempesta;

1795 4489 1985 4545 noctis
2046 4487 2274 4542 silentio
2321 4485 2571 4557 quidam
2625 4490 2964 4539 nostrorum
3013 4483 3088 4537 de
3134 4483 3447 4538 cacumine

1795 4576 2017 4634 montis
2063 4577 2220 4631 clam
2250 4574 2634 4641 descendant,
2671 4577 2725 4627 et
2772 4572 3100 4627 forinsecus
3142 4571 3298 4626 circa
3327 4577 3448 4626 ten-

1796 4667 1957 4722 torire
2007 4665 2261 4720 buccina
2308 4664 2606 4731 clangant.
2641 4661 2722 4716 llli
2753 4677 3015 4731 namque
3045 4659 3248 4715 audito
3291 4659 3450 4716 clan-

1795 4771 1935 4825 gore
1981 4755 2282 4821 tubarum,
2316 4755 2694 4806 autumantes
2735 4750 2943 4804 adesse
2992 4749 3300 4804 Rollonem
3346 4763 3450 4804 no-

1796 4850 1985 4899 strum
2016 4844 2252 4909 ducem,
2287 4839 2650 4896 formidolosi
2685 4837 3046 4910 stupidique,
3076 4843 3252 4909 atque
3283 4836 3448 4910 pavi-

1795 4935 1857 4989 di
1905 4934 2264 5003 fugitabunt,
2315 4932 2429 4985 huc
2478 4929 2732 5000 illucque
2783 4927 2974 4982 divisi.
3037 4930 3151 4981 Nos
3196 4943 3338 4982 vero
3373 4926 3448 4980 de

1798 5028 1999 5078 monte
2029 5022 2455 5076 descendentes
2502 5021 2795 5072 irruamus
2845 5032 3023 5087 super
3061 5020 3255 5071 castra
3286 5017 3447 5087 prin-

1798 5111 2021 5182 cipum,
2081 5111 2421 5180 (luriterque
2479 5106 2835 5162 debellando
2893 5122 3014 5174 eos,
3077 5109 3450 5160 transeamus

1799 5215 1904 5270 per
1931 5199 2194 5253 medium
2223 5198 2479 5263 illorum,
2510 5201 2565 5250 et
2614 5195 2954 5250 festinemus
2981 5193 3225 5262 aggredi
3256 5195 3449 5250 senio-

1797 5303 1924 5341 rem
1956 5290 2245 5353 nostrum,
2275 5290 2327 5340 et
2360 5286 2440 5339 sic
2471 5285 2796 5339 evademus
2825 5283 3030 5338 mortis
3060 5283 3451 5355 periculum.»

1799 5372 2294 5442 Responderunt:
2351 5395 2374 5418 ‹ι
2404 5376 2748 5440 Congruum
2779 5371 2952 5426 nobis
2999 5375 3055 5426 et
3085 5370 3322 5425 salubre
3358 5387 3452 5427 se-

1799 5461 2066 5515 cundum
2115 5478 2238 5532 quo
2291 5460 2522 5526 accidit,
2582 5461 2692 5515 das
2733 5460 3066 5516 consilium.
3123 5460 3320 5517 Melius
3367 5463 3457 5516 est

1798 5548 1973 5604 nobis
2001 5548 2084 5604 ita
2114 5565 2309 5618 agere,
2340 5549 2556 5603 scilicet
2586 5553 2688 5603 aut
2719 5549 2895 5617 elabi,
2929 5554 3032 5604 aut
3061 5551 3233 5619 mori,
3268 5565 3454 5622 quam

1761 5679 1766 5682 .
1799 5639 1892 5692 hic
1938 5639 2178 5706 morari,
2207 5655 2436 5710 nosque
2473 5638 2638 5691 vivos
2681 5639 3129 5709 comprehendi,
3163 5646 3218 5694 et
3261 5639 3455 5711 pinnis

1798 5726 2050 5783 diversis
2080 5726 2283 5798 afﬂigi.
2309 5747 2337 5777 »
2370 5725 2594 5783 idcirco
2621 5725 2894 5782 obscuras
2918 5728 3108 5783 noctis
3133 5727 3455 5785 oonttoinio
