3878 6530
374 410 483 464 847

1351 403 1655 460 DUDONIS
1693 401 1945 456 DECANI
1998 398 2052 451 S.
2094 395 2397 457 QUINTlNl
2438 397 2820 454 VIROMAND.
3701 397 3784 449 648

374 530 813 587 descenderunt
854 529 1101 601 quidam
1154 526 1228 583 de
1276 530 1495 593 monte,
1528 529 1584 581 et
1623 540 1730 597 per
1771 520 2022 579 tentoria
2050 525 2097 576 Α
2126 520 2310 575 armis
2350 519 2632 586 fervidus,
2671 518 2921 575 consilio
2967 517 3278 590 providus,
3327 520 3598 589 aspectu
3638 515 3787 572 decc

374 620 532 676 clam
557 622 927 675 transeuntes
956 617 1223 688 ultraque
1256 615 1572 681 venientes,
1605 615 1912 685 coeperunt
1928 609 2022 665 fo-

373 708 639 764 rinsecus
685 706 842 761 tubis
872 706 1167 775 clangere,
1200 709 1605 775 terroremque
1644 700 2020 773 repentinum

376 797 459 853 eis
486 797 767 851 incutere.
788 793 986 850 Casteri
1020 809 1160 849 vero
1187 809 1326 848 cum
1354 807 1573 861 magno
1602 789 1878 856 tumultu,
1899 803 2022 843 ma—

376 901 614 957 gnoque
662 887 965 938 scutorum
1002 882 1235 951 fragore
1286 881 1585 937 elabentes
1634 878 1910 934 velociter
1946 877 2020 931 de

376 978 597 1039 monte,
647 972 993 1028 invaserunt
1044 970 1411 1025 Richardum
1462 969 1723 1025 tentoriis
1775 981 2020 1038 sopora-

377 1068 523 1119 tum.
578 1062 787 1133 Sicque
838 1060 1104 1115 ferociter
1152 1058 1507 1131 praeliantes,
1540 1064 1597 1114 et
1623 1074 1730 1131 per
1758 1054 2023 1111 medium

378 1151 701 1207 exercitum
734 1153 1182 1214 transmeantes,
1211 1148 1368 1203 viam
1411 1164 1597 1220 quam
1640 1146 1809 1202 Rollo
1840 1142 2025 1199 tenuit

379 1239 568 1295 citatis
620 1237 925 1307 gressibus
981 1236 1210 1291 liberati
1266 1240 1557 1307 pergunt;
1617 1238 1793 1306 atque
1842 1246 2023 1303 super

380 1328 669 1384 0thuram
713 1325 1031 1389 venientes,
1062 1324 1193 1378 loco
1243 1323 1360 1378 alto
1408 1322 1627 1393 palude
1656 1320 2021 1377 circumdato

379 1430 648 1485 gressum
678 1412 902 1482 fatigati
926 1413 1134 1480 ﬁgunt.
1158 1411 1457 1465 Exercitus
1484 1427 1623 1465 vero
1649 1409 1901 1465 nimium
1926 1424 2024 1462 ex-

375 1503 609 1558 territus
637 1501 814 1572 cmpit
838 1502 947 1555 hac
977 1500 1230 1572 illacque
1254 1500 1559 1567 ﬂuctuare,
1584 1504 1802 1571 putans
1828 1497 2024 1553 Rollo-

375 1608 516 1647 nem
543 1591 773 1647 adesse.
806 1590 1021 1645 Ebalus
1044 1605 1183 1645 vero
1200 1590 1378 1659 hujus
1408 1588 1491 1643 rei
1521 1593 1739 1644 terrore
1770 1588 2022 1643 domum

378 1681 692 1752 cujusdam
722 1680 959 1735 fullonis
1006 1680 1265 1752 expetiit,
1297 1684 1473 1751 atque
1512 1679 1616 1734 diu
1662 1679 1721 1733 in
1766 1694 1837 1732 ea
1875 1674 2047 1731 deli?

377 1770 502 1825 tuit.
538 1770 834 1825 Exercitus
864 1774 1083 1835 autem,
1114 1769 1446 1823 lucescente
1490 1783 1727 1836 aurora,
1758 1769 2024 1821 montem

2127 625 2251 676 rus,
2307 616 2516 665 contra
2561 625 2695 665 suos
2744 615 3109 675 mansuetus,
3152 607 3249 663 cui
3294 605 3611 680 promittit
3653 605 3785 660 ﬁdus

2129 697 2377 763 amicus,
2433 697 2525 752 cui
2587 697 2938 751 adversatur
2988 699 3159 751 atrox
3209 694 3549 758 inimicus;
3613 693 3783 762 sagaci

2129 791 2325 842 mente
2353 786 2636 856 Vasallus,
2666 790 2948 841 constans
2978 789 3034 841 et
3063 785 3213 840 lenis
3244 789 3310 841 ut
3333 800 3432 840 res
3459 782 3785 857 expostulat

2127 876 2189 931 in
2219 876 2521 939 omnibus,
2555 892 2829 931 sermone
2878 876 3220 941 instructus,
3257 874 3477 931 docilis
3514 875 3582 929 in
3610 872 3782 935 rebus,

2131 964 2359 1020 actibus
2397 964 2744 1029 benevolus,
2778 964 3013 1037 eloquio
3042 965 3352 1031 honestus,
3386 964 3618 1019 virtute
3660 961 3787 1016 virili

2129 1053 2408 1125 repletus,
2441 1053 2681 1108 humilis
2729 1052 3303 1122 conversationibus,
3350 1052 3673 1124 rebusque
3718 1050 3786 1104 fo-

2128 1142 2407 1198 rensibus
2436 1142 2958 1214 prudentissimus,
2990 1142 3051 1197 in
3095 1142 3324 1213 judicio
3347 1142 3592 1212 justus,
3624 1141 3681 1195 in
3723 1156 3791 1194 se-

2130 1230 2301 1286 cretis
2341 1230 2800 1297 cautissicimus,
2833 1246 2980 1286 auro
3021 1235 3395 1301 argentoque
3449 1230 3787 1292 ditissimus,

2132 1320 2488 1375 creberrima
2546 1320 2799 1374 militum
2840 1319 3174 1391 frequentia
3213 1319 3469 1375 assidue
3515 1319 3789 1389 constipa-

2133 1414 2245 1478 tus,
2278 1408 2423 1479 quin
2452 1408 2628 1463 etiam
2676 1408 2841 1464 omni
2869 1408 3136 1463 bonitate
3185 1411 3277 1463 est
3320 1412 3787 1477 exaggeratus.»

2134 1496 2455 1553 Confestim
2487 1496 2731 1553 Carolus
2758 1496 2848 1551 his
2879 1496 3188 1552 consultus
3226 1495 3395 1551 misit
3432 1500 3789 1553 Franconem

2134 1586 2649 1657 archiepiscopum
2678 1587 3223 1655 Rothomagensem
3254 1586 3336 1641 ad
3356 1586 3687 1642 Rollonem
3707 1601 3791 1656 pa-

2134 1690 2430 1745 ganorum
2454 1674 2691 1730 ducem.
2727 1675 2837 1740 Qui
2866 1675 3112 1731 veniens
3143 1675 3221 1730 ad
3247 1691 3393 1731 eum
3425 1674 3682 1731 blandis
3700 1689 3794 1728 ser.

2134 1761 2415 1815 monibus
2464 1762 2641 1833 coepit
2689 1761 2945 1833 alloqui:
3004 1762 3344 1818 «Omnium
3388 1763 3636 1818 ducum
3664 1777 3793 1834 prae-

376 1858 586 1914 videns
627 1858 898 1913 hostibus
929 1873 1209 1923 vacuum,
1241 1874 1343 1912 eos
1382 1856 1760 1929 prosequitur
1796 1870 2024 1926 quous-
2065 1871 2104 1924 Β
2135 1850 2511 1915 stantissime,
2559 1854 3032 1921 cunctorumque
3081 1849 3667 1922 praecellentissime,
3710 1848 3794 1903 liti-

377 1963 494 2020 que
542 1946 950 2003 morabantur.
986 1946 1336 2000 Nortmanni
1380 1962 1521 2000 vero
1568 1941 2027 1999 innumerabilia

379 2035 681 2105 animalia,
713 2051 849 2106 quae
881 2051 1084 2089 secum
1124 2034 1518 2101 adduxerant,
1554 2034 1749 2089 statim
1793 2030 2025 2087 occide-

378 2130 551 2191 runt;
586 2129 765 2195 atque
797 2128 1031 2192 tergora
1052 2123 1302 2178 dimidia
1325 2122 1675 2178 animalium
1688 2120 2027 2192 diripientes

379 2216 432 2267 et
462 2211 847 2276 excoriantes,
880 2226 952 2265 ex
993 2210 1385 2265 cadaveribus
1414 2210 1557 2281 ipsis
1586 2214 1845 2264 castrum
1873 2208 2029 2262 circa

380 2316 442 2355 se
471 2300 736 2354 fecerunt
759 2317 772 2365 ;
799 2303 1209 2371 ponentesque
1239 2315 1427 2353 unum
1450 2314 1628 2369 super
1644 2298 1846 2363 alium,
1868 2297 2030 2351 coria

380 2386 837 2457 sanguinolenta
866 2386 1193 2442 forinsecus
1242 2387 1587 2452 avellerunt,
1620 2402 1694 2440 ne
1733 2386 1869 2457 equi
1904 2391 2025 2439 stu-

380 2477 505 2548 pidi
533 2475 881 2548 equitesque
911 2477 1191 2531 mirantes
1224 2476 1791 2547 appropinquarent.
1827 2475 2029 2529 Franci

380 2581 521 2620 vero
550 2569 606 2620 et
631 2564 1080 2633 durgundiones
1109 2565 1405 2635 prosecuti
1437 2581 1537 2620 eos
1559 2581 1697 2619 cum
1726 2564 2025 2629 adessent,

381 2652 807 2724 castellumque
836 2669 908 2707 ex
938 2652 1286 2724 corporibus
1317 2670 1630 2724 equorum,
1667 2653 1874 2718 boum,
1912 2651 2026 2706 asi-

380 2758 616 2812 narum,
664 2756 1103 2813 caprarumque
1160 2746 1215 2796 et
1275 2741 1606 2797 bidentium
1653 2745 2024 2812 conseptum,

379 2835 733 2901 tergoraque
746 2829 1071 2884 forinsecus
1091 2830 1413 2903 pendentia
1436 2831 1733 2895 vidissent,
1753 2829 2030 2884 dixerunt

381 2920 459 2975 ad
486 2919 739 2974 invicem
768 2937 779 2973 :
815 2940 842 2967 ‹‹
868 2918 1009 2984 Quis
1037 2919 1276 2974 invadet
1305 2919 1492 2974 istos?
1543 2920 1648 2991 qui
1695 2918 1818 2973 vult
1844 2920 2026 2973 vitam

377 3008 644 3080 perdere,
677 3006 924 3062 accedat
955 3007 1034 3062 ad
1061 3023 1347 3062 carneum
1386 3012 1648 3062 castrum
1690 3011 1747 3061 et
1790 3006 2031 3061 mirabi-

377 3096 497 3152 le.»
546 3096 612 3150 Hi
640 3096 830 3161 dictis,
859 3096 1081 3166 quique
1129 3080 1493 3166 repedarunt
1541 3112 1672 3160 sua,
1708 3095 1848 3150 Daci
1884 3110 2026 3149 vero

379 3186 624 3241 navium
668 3184 1074 3240 contubernia.
1128 3185 1297 3240 Rollo
1346 3190 1545 3240 autem
1573 3186 1779 3240 videns
1810 3185 2024 3239 milites
2062 3213 2101 3267 ρ

384 3289 546 3339 suos,
580 3271 942 3341 gratulanter
969 3271 1116 3326 dixit
1160 3272 1238 3326 ad
1286 3272 1453 3327 illos:
1489 3294 1514 3321 ‹‹
1538 3275 1580 3328 Ο
1609 3272 2023 3339 robustissimi,

382 3360 686 3432 armisque
717 3359 1059 3431 asperrimi!
1094 3360 1407 3424 Quomodo
1444 3360 1646 3432 praelia
1677 3362 1980 3416 evasistis?
2000 3384 2023 3409 ››

382 3450 550 3503 Tunc
579 3448 660 3503 illi
690 3453 903 3504 cuncta
931 3464 1065 3520 quas
1116 3449 1455 3504 acciderant
1483 3451 1807 3506 retulerunt
1836 3450 2030 3505 Rollo-

380 3538 462 3593 ni.
496 3537 663 3593 Rollo
692 3552 832 3592 vero
858 3537 940 3593 ita
968 3537 1317 3607 exagitatus,
1348 3538 1515 3592 furiis
1554 3539 1855 3594 acerrimis
1886 3539 2027 3594 bac-

381 3625 801 3697 chatus,coepit
830 3629 1015 3681 totam
1038 3630 1254 3680 terram
1270 3630 1503 3682 vastare
1534 3631 1589 3682 et
1611 3626 1826 3695 delere,
1850 3632 2028 3699 atque

378 3713 653 3769 incendio
700 3728 1102 3769 concremare.
1144 3712 1302 3769 Illico
1342 3713 1538 3769 omnis
1582 3714 1743 3770 salus
1790 3714 2027 3771 concla-

379 3806 578 3859 matur
621 3802 965 3875 ﬁduciaque
990 3802 1227 3858 vivendi
1273 3818 1395 3858 non
1442 3803 1748 3875 reperitur,
1788 3803 2031 3876 publica

381 3907 474 3946 res
503 3890 885 3957 adnihilatur,
915 3890 1294 3962 ecclesiieque
1329 3891 1573 3946 desertas
1603 3891 1918 3947 habentur.

456 3978 661 4033 Franci
688 3993 830 4033 vero
871 3993 995 4033 non
1023 3977 1284 4034 valentes
1324 3980 1577 4051 paganis
1614 3980 1907 4048 resistere,
1942 3985 2029 4036 to-

384 4071 628 4138 tamque
660 4065 965 4121 Franciam
982 4065 1244 4122 videntes
1270 4068 1347 4123 ad
1376 4067 1628 4123 nihilum
1650 4068 1865 4132 venire,
1886 4085 2031 4126 una-

384 4153 621 4209 nimiter
690 4153 769 4210 ad
838 4170 1040 4224 regem
1090 4160 1399 4226 venerunt,
1467 4162 1645 4229 atque
1708 4157 2024 4213 dixerunt:

386 4264 415 4290 ‹‹
445 4244 558 4298 Cur
602 4257 723 4298 non
771 4242 1072 4298 auxiliaris
1122 4260 1327 4315 regno,
1360 4244 1455 4300 cui
1494 4260 1748 4317 praeesse
1796 4249 1852 4301 et
1894 4262 2031 4318 pro-

384 4330 555 4387 desse
583 4330 767 4386 debes
797 4336 1027 4403 sceptro
1046 4334 1073 4388 ?
1113 4336 1227 4389 Cur
1254 4347 1378 4388 non
1406 4348 1526 4405 pax
1556 4333 1803 4389 consilio
1830 4335 2030 4406 acqui-

383 4419 547 4487 ritur,
579 4435 767 4492 quam
796 4434 905 4475 nec
940 4419 1112 4475 bellis
1143 4435 1251 4475 nec
1297 4419 1418 4475 ullo
1445 4420 1808 4476 defensionis
1833 4421 2031 4478 obsta-

385 4505 518 4561 culo
548 4505 798 4578 adipisci
826 4522 1148 4578 possumus
1169 4507 1197 4561 ?
1246 4506 1446 4565 Honor
1489 4512 1545 4563 et
1569 4512 1830 4579 potestas
1859 4525 2028 4578 rega-

382 4595 453 4651 lis
514 4595 843 4667 subjicitur,
910 4610 1290 4667 paganorum
1367 4596 1683 4654 insolentia
1767 4599 2026 4670 erigitur.

382 4683 713 4740 Franciscae
754 4684 1013 4753 regionis
1045 4688 1200 4741 terra
1243 4686 1417 4757 quasi
1460 4686 1715 4743 solitudo
1752 4688 2025 4758 habetur,

383 4773 524 4845 quia
549 4773 678 4844 ejus
705 4772 966 4845 populus
1018 4778 1121 4830 aut
1170 4773 1326 4829 fame
1372 4779 1475 4831 aut
1526 4775 1726 4845 gladio
1777 4777 2029 4833 moritur

383 4864 485 4916 aut
512 4860 662 4916 forte
704 4860 1054 4932 captivatur.
1088 4864 1269 4917 Tuere
1303 4877 1557 4931 regnum
1588 4863 1631 4918 si
1667 4879 1789 4919 non
1820 4865 2025 4932 armis,

380 4949 470 5005 vel
499 4948 767 5005 consilio.
786 4971 813 4998 ››
846 4948 1013 5003 Tunc
1038 4963 1141 5003 rex
1169 4949 1413 5006 Carolus
1453 4950 1546 5005 his
1586 4950 1732 5005 dixit
1755 4951 2027 5008 furibun-

380 5036 529 5093 dus:
580 5060 607 5087 «
634 5039 775 5092 Date
802 5035 951 5092 mihi
978 5036 1312 5105 consilium,
1343 5037 1510 5109 quod
1552 5053 1737 5108 regno
1768 5043 1825 5095 et
1851 5040 2026 5095 nobis

381 5126 453 5182 sit
509 5125 749 5182 salubre
796 5129 854 5181 et
904 5141 1311 5195 congruum.»
1363 5127 1531 5182 Tunc
1580 5129 1816 5184 Franci:
1869 5133 2030 5185 «Da-

379 5214 599 5285 bimus,
654 5215 701 5270 si
773 5215 947 5271 nobis
1019 5215 1359 5286 credideris,
1415 5217 1729 5273 consilium
1793 5219 1895 5275 tibi
1971 5224 2029 5276 et

378 5317 565 5373 regno
613 5303 980 5372 condignum
1036 5307 1093 5359 et
1139 5303 1540 5372 salutiferum;
1590 5309 1655 5360 ut
1695 5308 2028 5378 requiescat

380 5389 640 5461 populus
692 5389 870 5445 nimis
921 5391 1170 5463 penuria
1227 5392 1499 5449 afﬂictus.
1559 5395 1735 5449 Detur
1783 5400 1939 5452 terra
1990 5411 2028 5451 a

382 5475 566 5531 ﬂuvio
590 5475 851 5531 Andellai
880 5494 1069 5550 usque
1116 5480 1195 5536 ad
1238 5497 1403 5537 mare
1434 5496 1813 5553 paganorum
1841 5483 2027 5553 genti-

381 5562 537 5628 bus;
580 5562 764 5618 filiam
793 5579 1031 5637 quoque
1062 5571 1227 5625 tuam
1254 5570 1487 5625 Rolloni
1512 5571 1791 5640 conjugio
1817 5572 2022 5642 junge.

385 5652 454 5703 Et
476 5664 549 5702 ex
579 5650 690 5705 hoc
715 5656 880 5722 potes
906 5655 1161 5712 multum
1189 5662 1398 5714 contra
1424 5663 1627 5729 gentes
1653 5660 1758 5715 tibi
1786 5660 2031 5715 obstan-

385 5740 473 5789 tes
532 5738 981 5807 praevalescere;
1048 5744 1190 5813 quia
1260 5746 1428 5801 Rollo
1494 5748 1753 5819 superbo
1815 5764 2025 5816 regum

384 5822 725 5897 ducumque
755 5828 1044 5896 sanguine
1070 5833 1265 5901 natus,
1287 5848 1531 5904 corpore
1557 5834 2017 5905 pulcherrimus,

2136 1938 2307 2007 gabis
2338 1939 2453 1993 vita
2501 1939 2716 1994 comite
2749 1954 2985 2010 semper
3013 1944 3223 1994 contra
3251 1940 3557 2007 Francos,
3587 1938 3792 2012 praelia-

2133 2027 2292 2082 beris
2326 2044 2561 2099 semper
2611 2034 2819 2083 contra
2846 2027 3027 2083 illos?
3076 2027 3231 2093 Quid
3287 2026 3363 2083 de
3416 2033 3473 2083 te
3520 2030 3575 2084 si
3632 2032 3790 2084 morte

2134 2120 2588 2189 prmoccupatus
2620 2116 2798 2171 fueris
2820 2117 2846 2170 ‘2
2878 2117 3058 2186 Cujus
3084 2117 3357 2185 figmenti
3389 2132 3457 2172 es
3476 2118 3507 2172 ‘?
3542 2121 3729 2173 Deum
3756 2122 3792 2169 te

2134 2221 2261 2260 esse
2291 2205 2599 2260 mstimas?
2642 2205 2804 2260 Limo
2840 2205 3194 2278 plasmatus,
3227 2222 3440 2262 nonne
3490 2207 3685 2262 homo
3714 2206 3793 2259 es?

2137 2298 2338 2349 Nonne
2377 2310 2439 2348 es
2487 2310 2627 2349 esca
2670 2294 2981 2361 vermium,
3017 2294 3288 2366 cinisque
3318 2300 3379 2350 et
3408 2295 3671 2367 pulvis?
3711 2297 3798 2351 Me-

2133 2388 2333 2437 mento
2364 2382 2556 2454 qualis
2587 2399 2648 2437 es
2679 2388 2735 2438 et
2765 2382 2899 2451 eris,
2926 2388 2982 2439 et
3011 2384 3188 2454 cujus
3212 2383 3454 2453 judicio
3484 2384 3796 2441 damnabe

2135 2472 2231 2526 ris.
2267 2471 2547 2540 Herebro,
2598 2476 2661 2526 ut
2708 2487 2859 2539 reor,
2893 2472 3125 2538 frueris,
3158 2488 3269 2527 nec
3314 2489 3711 2547 quemquam
3736 2471 3797 2525 la-

2136 2576 2329 2616 cesses
2368 2560 2520 2615 ultra
2552 2560 2785 2632 praeliis.
2838 2561 2894 2617 Si
2938 2561 3025 2616 vis
3069 2560 3453 2618 Christianus
3496 2563 3653 2631 fieri,
3678 2578 3795 2634 pris.

2139 2648 2286 2702 senti
2336 2648 2651 2720 futuraque
2705 2664 2850 2720 pace
2898 2650 3120 2721 poteris
3167 2650 3305 2719 frui,
3352 2651 3793 2722 ditissimusque

2136 2737 2249 2792 hac
2280 2742 2433 2791 terra
2460 2737 2699 2805 morari,
2734 2736 2978 2793 Carolus
3007 2754 3109 2793 rex
3140 2739 3661 2811 patientissimus,
3686 2755 3799 2795 con-

2137 2824 2265 2880 silio
2298 2841 2547 2879 suorum
2576 2825 2809 2889 ductus,
2842 2826 2999 2881 hanc
3054 2831 3273 2882 terram
3325 2829 3716 2885 maritimam
3741 2825 3798 2881 ab

2136 2913 2425 2982 Anstigno
2455 2918 2511 2969 et
2539 2929 2575 2969 a
2606 2918 2657 2969 te
2682 2914 2936 2970 nimium
2962 2915 3338 2973 devastatam
3362 2917 3503 2973 vult
3526 2918 3642 2975 tibi
3660 2918 3797 2973 dare.

2139 3003 2291 3067 Quin
2331 3002 2509 3057 etiam
2560 3008 2623 3057 ut
2672 3019 2794 3075 pax
2841 3008 2896 3058 et
2937 3005 3284 3071 concordia,
3320 3011 3523 3079 atque
3566 3005 3799 3064 amicitia

2136 3091 2331 3161 ﬁrma,
2376 3097 2433 3146 et
2471 3091 2697 3146 stabilis
2744 3097 2921 3164 atque
2966 3094 3278 3164 continua,
3320 3097 3510 3152 omni
3560 3102 3799 3167 tempore

2136 3181 2286 3236 inter
2322 3185 2376 3235 te
2426 3186 2481 3235 et
2526 3181 2693 3236 illum
2722 3187 3091 3253 permaneat,
3123 3183 3313 3240 ﬁliam
3346 3201 3571 3257 suam,
3607 3186 3795 3241 Gislam

2136 3272 2398 3335 nomine,
2466 3287 2713 3326 uxorem
2766 3272 2829 3326 in
2887 3272 3171 3343 conjugio
3236 3273 3411 3330 dabit
3488 3276 3644 3343 tibi;
3709 3288 3798 3346 qua

2136 3359 2351 3431 copula
2384 3359 2549 3430 prole
2579 3359 2892 3427 laetaberis,
2922 3376 3302 3435 regnumque
3347 3362 3414 3417 in
3450 3370 3796 3438 perpetuum

2138 3448 2382 3504 tenebis.
2404 3470 2431 3497 ››
2465 3450 2592 3513 Quo
2614 3448 2840 3515 audito,
2868 3455 3160 3507 convocat
3189 3452 3466 3522 majores
3498 3457 3801 3513 Dacorum,

2136 3543 2192 3592 et
2234 3554 2368 3609 quze
2415 3538 2732 3609 episcopus
2782 3536 2892 3592 sibi
2944 3538 3141 3595 retulit
3192 3546 3409 3596 narrat
3448 3542 3519 3597 in
3577 3542 3803 3599 auribus

2136 3640 2363 3680 eorum.
2399 3625 2538 3680 Daci
2570 3640 2728 3687 vero,
2761 3625 3209 3682 reminiscentes
3252 3630 3490 3685 somnii
3545 3632 3805 3704 interpre-

2138 3713 2449 3781 tationum,
2499 3714 2776 3770 dixerunt
2823 3714 3089 3771 Bolloni:
3152 3716 3337 3773 Terra
3392 3718 3542 3775 haec
3593 3722 3805 3795 penitus

2136 3802 2405 3859 desolata
2429 3802 2713 3858 militibus
2743 3804 2998 3876 privata,
3021 3809 3220 3863 aratro
3246 3822 3377 3863 non
3406 3812 3710 3876 exercita,
3735 3823 3802 3863 ar-

2135 3890 2384 3948 boribus
2425 3890 2601 3946 bonis
2651 3891 2883 3959 referta,
2917 3892 3116 3949 ﬂuviis
3169 3908 3395 3963 genere
3430 3896 3800 3955 diversorum

2137 3979 2392 4052 piscium
2448 3979 2637 4052 plenis
2694 3980 2911 4052 divisa,
2964 3986 3188 4038 venatu
3240 3983 3578 4055 opulenta,
3643 3984 3798 4043 vineis

2137 4084 2261 4124 non
2290 4069 2522 4138 ignara,
2555 4068 2742 4138 glebis
2772 4069 2959 4127 cultro
2986 4070 3307 4127 elaboratis
3336 4071 3650 4146 fecunda,
3682 4089 3805 4132 man

2137 4157 2505 4213 afﬂuentiam
2562 4157 2935 4215 diversarum
2993 4176 3196 4216 rerum
3255 4160 3496 4219 daturo
3571 4182 3652 4223 ex
3711 4178 3803 4219 una

2135 4250 2303 4320 parte
2369 4246 2757 4316 circumdata,
2825 4247 3010 4305 altera
3073 4248 3449 4307 decursibus
3524 4269 3805 4329 aquarum

2137 4334 2582 4407 deportantium
2635 4334 2877 4405 navigio
2927 4340 3147 4393 cuncta
3188 4336 3382 4407 bona,
3422 4344 3621 4412 quasi
3659 4347 3806 4400 Fran-

2138 4423 2243 4479 ciae
2282 4438 2465 4493 regno
2496 4422 2923 4493 discriminata,
2959 4424 3007 4479 si
3038 4424 3212 4480 fuerit
3239 4424 3614 4498 frequentia
3639 4430 3805 4489 hom'r

2136 4528 2286 4567 num
2345 4512 2599 4581 visitata,
2663 4511 2836 4568 valde
2903 4513 3012 4569 erit
3061 4513 3267 4570 fertilis
3338 4520 3404 4573 et
3474 4520 3800 4577 uberrima:

2137 4600 2432 4672 nobisque
2480 4600 2554 4656 ad
2604 4600 3003 4657 habitandum
3051 4601 3356 4658 sufﬁciens
3412 4610 3479 4661 et
3534 4623 3803 4680 congrua.

2140 4688 2280 4744 Filia
2326 4704 2511 4760 quam
2552 4688 2655 4744 tibi
2697 4688 2972 4761 spondet,
3007 4691 3319 4763 utriusque
3372 4699 3710 4767 progeniei
3740 4713 3803 4750 se-

2138 4777 2298 4832 mine
2336 4776 2682 4846 regulariter
2727 4781 2954 4844 exorta,
2988 4782 3228 4834 staturae
3260 4786 3653 4850 proceritate
3696 4800 3805 4841 cen-

2139 4880 2307 4935 grua,
2348 4866 2563 4934 forma,
2596 4870 2661 4920 ut
2702 4864 3066 4935 audivimus,
3115 4866 3622 4944 elegantissima,
3668 4876 3805 4942 virga

2136 4954 2537 5026 integerrima,
2591 4954 2838 5011 consilio
2887 4956 3160 5029 provida,
3210 4956 3581 5022 forensium
3633 4978 3801 5023 rerum

2136 5043 2373 5112 negotio
2447 5048 2643 5109 cauta,
2717 5045 3172 5101 conversatione
3244 5045 3591 5122 facillima,
3660 5054 3803 5110 cellar

2136 5131 2278 5204 quio
2326 5131 2758 5202 affabilissima,
2807 5149 3105 5191 manuum
3158 5133 3377 5193 labore
3432 5144 3798 5212 peritissimi.

2134 5220 2282 5293 quin
2334 5221 2512 5276 etiam
2562 5221 2895 5291 virginibus
2939 5223 3169 5279 cunctis
3220 5228 3797 5296 praecellentissima

2135 5310 2304 5366 decet
2358 5314 2422 5365 ut
2471 5310 2780 5383 copuletur
2827 5311 2931 5366 tibi
2992 5311 3350 5370 connubiali
3405 5322 3719 5379 amicitia,
3766 5321 3825 5371 Ep

2135 5414 2208 5452 ex
2237 5398 2351 5452 hoc
2379 5397 2611 5453 videtur
2649 5398 2948 5454 salubrius
2994 5399 3171 5455 nobis
3217 5404 3601 5475 consilium,
3625 5411 3683 5467 in
3712 5423 3829 5485 me»,

2135 5485 2251 5541 lius
2280 5486 2680 5557 profuturum,
2715 5492 2772 5542 et
2801 5488 2878 5543 ab
2904 5487 3160 5559 alicujus
3188 5489 3341 5547 rixae
3375 5512 3605 5557 errore
3636 5503 3804 5557 incuc-

2136 5574 2396 5642 vulsum,
2420 5575 2585 5646 quod
2613 5575 2799 5631 ﬁliam
2821 5577 2976 5646 regis
3003 5576 3265 5635 habebis
3298 5581 3369 5638 in
3404 5592 3705 5663 conjugio
3736 5592 3793 5641 is
3820 5574 3832 5663 ’ἶ

2138 5663 2368 5718 derum.
2402 5663 2793 5721 Beminiscere
2818 5664 3034 5722 somnii
3062 5665 3690 5747 interpretationum,
3712 5691 3791 5743 n2:
3824 5684 3827 5729 I

2138 5750 2540 5823 sticorumque
2570 5753 2698 5821 ejus
2746 5753 3175 5809 intellectuum.
3212 5760 3290 5814 Ut
3335 5778 3597 5837 remur,
3626 5772 3680 5825 in
3716 5769 3829 5837 ist,

2133 5836 2356 5894 ﬁnibus
2400 5844 2652 5897 vertetur
2690 5841 2865 5898 nobis
2916 5842 2979 5897 in
3018 5857 3437 5918 prosperum.
3483 5836 3644 5915 Satis
3686 5842 3828 5928 prs-1

3820 5920 3829 6011 ἱ
