3968 6380
169 249 278 303 649

748 246 839 300 DE
880 247 1119 302 GESTIS
1159 246 1590 303 NOBMANNIE
1632 246 1870 302 DUCUM
1910 246 2087 303 LIBRI
2126 250 2320 307 TRES.
2366 284 2433 292 —
2484 255 2609 309 LIB.
2654 256 2718 309 ll.
2762 254 3015 311 ROLLO.

3484 264 3589 317 650

170 370 294 425 liati
313 387 545 433 sumus,
573 372 955 440 Francosque
978 369 1409 425 debellavimus
1430 389 1441 437 ;
1463 386 1838 443 consequens
1877 374 1917 426 Α
1953 371 2072 426 ﬁlio
2099 391 2111 440 ;
2146 389 2257 443 ego
2291 374 2391 444 illi,
2426 381 2490 431 ut
2517 376 2678 433 ﬁlius
2705 377 2877 449 patri.
2915 380 3183 436 Gaudeat
3208 396 3343 436 mea
3371 398 3617 456 prospe-

170 459 410 514 videtur
430 459 607 513 nobis
640 464 704 513 ut
732 460 1201 529 requiescamus,
1235 459 1644 532 fructibusque
1670 466 1841 516 terras

169 548 467 620 patienter
490 548 782 603 fruamur.
820 548 1063 603 Remitte
1112 548 1235 615 regi
1291 549 1664 622 episcopum,
1708 555 1770 605 ut
1796 550 1843 604 si

169 638 406 693 dederit
434 637 540 692 tibi
565 637 732 709 quod
765 636 1110 708 spopondit,
1146 642 1199 692 te
1230 637 1391 693 dicat
1448 656 1557 693 suo
1607 640 1842 694 servitio

169 744 301 782 esse
354 737 727 799 promptum.
778 726 1085 782 Remanda
1139 727 1190 781 ei
1249 727 1621 782 securitatem
1677 728 1842 800 pacis

168 817 355 872 trium
386 816 711 884 mensium,
742 821 799 871 et
829 820 891 869 ut
924 820 1247 887 sequestra:
1280 816 1447 887 pacis
1494 815 1688 886 spatio
1740 830 1842 869 ve-

168 906 318 973 niat,
353 904 403 959 si
428 904 573 969 vult,
605 908 812 960 contra
847 909 898 958 te
925 904 1004 959 ad
1036 903 1342 975 placitum,
1388 904 1683 976 faciatque
1714 920 1841 957 ver-

168 995 396 1051 borum
428 1011 679 1049 suorum
706 1000 761 1049 et
788 994 1258 1066 promissionem
1285 998 1339 1048 te
1369 1010 1475 1065 per
1501 993 1705 1049 omnia
1754 1008 1841 1047 se-

169 1100 408 1139 curum.
444 1107 469 1132 ››
515 1083 721 1139 Statim
773 1083 937 1138 Rollo
980 1099 1161 1154 supra
1192 1082 1350 1137 dicto
1392 1082 1676 1154 episcopo
1705 1081 1839 1137 inti—

171 1174 380 1239 mavit,
414 1173 659 1243 regique
691 1177 755 1226 ut
774 1172 901 1226 hazc
934 1172 1154 1226 diceret
1182 1171 1261 1226 ad
1291 1188 1429 1225 eum
1452 1170 1693 1227 remisit.
1730 1170 1840 1235 Qui

170 1262 421 1318 veniens
453 1262 531 1317 ad
562 1276 787 1329 regem,
818 1266 1146 1315 convocato
1175 1261 1621 1331 episcoporum,
1662 1260 1843 1314 comi-

169 1356 323 1417 tum,
377 1356 556 1423 atque
613 1350 908 1405 abbatum
955 1355 1131 1416 coetu,
1190 1349 1335 1404 dixit
1388 1368 1401 1404 :
1464 1349 1677 1404 «Rollo
1717 1349 1841 1403 dux

170 1440 726 1496 Northmannorum
749 1438 853 1493 tibi
881 1438 1103 1493 amoris
1127 1444 1183 1493 et
1210 1437 1485 1493 amicitiae
1535 1437 1841 1492 inextrica-

166 1526 329 1598 bilis,
360 1526 508 1599 quin
539 1527 720 1581 etiam
744 1525 965 1581 servitii
1006 1530 1272 1597 pactum,
1304 1525 1349 1580 si
1388 1525 1623 1579 dederis
1654 1524 1839 1580 ﬁliam

166 1619 361 1683 tuam,
388 1618 453 1669 ut
482 1614 534 1669 ei
564 1614 783 1683 dixisti,
806 1615 1169 1684 'conjugem,
1226 1619 1565 1685 terramque
1620 1613 1841 1668 mariti-

167 1721 339 1759 mam
372 1704 432 1758 in
466 1704 895 1776 sempiternam
926 1720 1031 1775 per
1062 1704 1378 1776 progenies
1415 1704 1837 1775 progenierum

165 1794 641 1865 possessionem,
698 1810 915 1848 manus
971 1810 1112 1848 suas
1182 1810 1242 1849 se
1301 1794 1685 1863 subjugando
1735 1793 1837 1847 tibi

164 1882 342 1939 dabit
368 1883 666 1938 ﬁdelitatis
705 1884 917 1952 gratia,
947 1888 1240 1955 tuumque
1294 1882 1599 1938 servitium
1653 1882 1838 1937 inces-

166 1977 373 2027 santer
396 1971 676 2043 explebit.
709 1971 1050 2043 Poterisque
1073 1988 1178 2043 per
1209 1988 1350 2027 eum
1379 1970 1751 2027 obstantium
1783 1975 1839 2025 et

158 2061 544 2132 jurgantium
576 2066 841 2117 tumores
877 2066 1084 2116 contra
1116 2066 1169 2117 te
1198 2060 1536 2126 retundere,
1556 2060 1837 2115 nimium-

163 2167 287 2223 que
317 2150 691 2206 confortatus
740 2150 1174 2206 convalescere.
1213 2174 1240 2201 »
1297 2151 1397 2206 His
1428 2150 1507 2205 ab
1553 2150 1836 2222 episcopo

163 2240 541 2307 renuntiatis,
578 2239 1071 2310 congratulantur
1104 2240 1329 2307 Franci,
1387 2244 1836 2311 suggeruntque

167 2330 489 2387 unanimes
538 2330 666 2399 regi
724 2335 789 2385 ut
840 2330 939 2385 det
985 2330 1175 2385 ﬁliam
1246 2346 1421 2385 suam
1496 2336 1836 2401 terramque

166 2418 423 2475 Rolloni.
457 2422 577 2475 Rex
600 2435 741 2474 vero
775 2421 1162 2489 Francorum,
1196 2434 1370 2491 prece
1391 2422 1653 2485 coactus,
1673 2416 1838 2472 dedit

166 2507 357 2565 ﬁliam
382 2525 559 2563 suam
588 2509 709 2563 vice
740 2508 1002 2563 Rollonis
1032 2509 1316 2581 episcopo
1347 2524 1452 2581 per
1482 2510 1723 2581 pignus,
1771 2506 1832 2562 in

164 2596 408 2653 vinculo
441 2597 798 2653 sacramenti
822 2602 879 2652 et
907 2597 1360 2668 conjurationis.
1397 2596 1493 2652 His
1512 2613 1713 2651 rerum
1731 2612 1833 2668 op-

164 2688 637 2759 portunitatibus
670 2687 861 2753 factis,
896 2687 1323 2755 determinatis,
1361 2692 1418 2742 et
1465 2685 1832 2742 conﬁrmatis

160 2780 435 2849 tempore
493 2776 749 2849 locoque
792 2775 1209 2846 determinato,
1287 2781 1467 2849 atque
1525 2780 1832 2847 sequestra

159 2881 313 2941 pace
362 2865 523 2931 data,
574 2864 876 2920 redierunt
956 2864 1182 2937 quique
1258 2865 1337 2921 ad
1394 2881 1521 2920 sua.
1605 2867 1830 2919 Franco

161 2954 663 3025 Rothomagensis
691 2954 1177 3027 archiepiscopus
1206 2954 1516 3010 Rollonem
1556 2954 1720 3021 adiit,
1773 2959 1831 3009 et

159 3049 380 3101 cuncta
409 3060 547 3116 qum
574 3043 710 3099 fecit
733 3043 1056 3099 ordinatim
1086 3043 1168 3098 illi
1196 3043 1501 3099 narrando
1527 3042 1823 3114 exposuit.

158 3132 329 3188 Rollo
359 3131 539 3203 igitur
568 3136 624 3187 et
648 3132 760 3201 sui,
795 3132 888 3187 his
918 3131 1287 3199 renuntiatis,
1347 3132 1603 3187 nimium
1661 3130 1826 3187 exhi-
1864 3130 1887 3149 “

152 3222 350 3290 larati,
408 3221 677 3294 typicum
748 3220 1115 3277 intellectum
1167 3226 1573 3278 rememorant
1655 3220 1829 3276 visio-

153 3327 273 3366 IIIS.

228 3399 549 3456 Rotbertus
589 3403 791 3455 autem
844 3398 969 3453 dux
1018 3415 1157 3454 cum
1207 3399 1470 3455 audisset
1512 3399 1678 3472 quod
1720 3416 1824 3455 rex

155 3488 405 3547 Carolus
434 3488 624 3544 ﬁliam
654 3504 830 3543 suam
860 3488 1029 3544 daret
1058 3487 1308 3556 Rolloni,
1343 3493 1398 3543 et
1443 3488 1825 3561 paciﬁcaren—

153 3582 251 3635 tur
274 3578 541 3634 vicissim
570 3593 812 3651 paxque
832 3577 999 3633 ﬁeret
1028 3577 1207 3633 totius
1231 3577 1413 3645 orbis,
1444 3578 1606 3633 misit
1624 3578 1822 3633 verbis

152 3667 424 3740 paciﬁcis
452 3667 530 3723 ad
545 3666 855 3722 Rollonem
876 3667 1168 3722 nuncium
1186 3666 1615 3740 subsequentia
1640 3667 1825 3723 verba

154 3757 478 3813 dicturum.
535 3759 803 3829 Cumque
826 3755 1080 3811 adesset.
1110 3756 1341 3812 Rolloni
1388 3757 1587 3812 verbis
1618 3773 1823 3829 preca-

152 3847 288 3903 tivis
320 3846 469 3902 dixit
501 3865 513 3902 :
550 3868 576 3894 ‹‹
611 3846 926 3901 Rotbertus
953 3845 1076 3900 dux
1105 3849 1467 3902 Francorum
1514 3846 1617 3901 tibi
1648 3845 1821 3902 ﬁdele

153 3935 483 3991 servitium.
517 3933 758 3991 Audivit
786 3934 1175 3990 concordiam
1197 3935 1278 3991 tui
1305 3940 1362 3990 et
1388 3935 1561 4005 regis,
1594 3940 1650 3991 et
1683 3935 1820 3990 inde

149 4024 387 4080 laetatur
408 4023 607 4090 nimis,
644 4024 993 4093 Congruum
1026 4039 1156 4079 esse
1197 4022 1301 4079 tibi
1331 4023 1492 4091 dicit,
1554 4028 1608 4079 te
1660 4027 1822 4079 tuos-

148 4130 267 4186 que
304 4112 703 4184 requiescere,
758 4116 1101 4184 terramque
1158 4112 1364 4168 datam
1433 4111 1818 4179 rmediﬁcare,

147 4204 331 4260 urbes
358 4208 416 4259 et
445 4203 669 4258 moenia
692 4206 1048 4268 restaurare,
1104 4208 1277 4275 teque
1331 4208 1621 4277 perpetua
1672 4218 1820 4274 pace

146 4292 369 4347 vivere.
408 4290 560 4347 Satis
590 4288 902 4345 exercuisti
948 4289 1173 4361 praelia,
1201 4290 1343 4345 satis
1396 4289 1821 4346 demonstrasti

30 4452 35 4461 ν
145 4397 324 4437 arma
352 4379 565 4435 virilia.
602 4378 752 4436 Satis
777 4378 949 4449 cujus
975 4378 1202 4434 virtutis
1260 4395 1424 4435 esses
1481 4378 1817 4449 declarasti,

146 4470 293 4526 satis
326 4468 601 4541 plurimis
622 4467 902 4541 periculis
932 4468 1277 4539 incubuisti,
1312 4469 1453 4525 satis
1506 4485 1609 4526 vas
1664 4485 1818 4524 eme-

142 4560 319 4625 ritus,
380 4557 524 4612 satis
564 4562 688 4612 toto
731 4556 876 4613 orbe
923 4556 1227 4613 laudatus.
1314 4558 1469 4623 Quin
1517 4558 1639 4613 imo
1696 4557 1823 4612 dux

141 4648 312 4704 idem
364 4647 734 4719 deprecans,
789 4646 958 4701 ﬂexis
1018 4646 1205 4702 animi
1259 4647 1514 4718 genibus
1570 4647 1824 4703 mandat

144 4736 276 4805 tibi,
338 4740 404 4790 ut
445 4734 821 4791 testiﬁcatum
900 4734 964 4789 in
1027 4734 1239 4790 Christi
1325 4735 1569 4791 nomine
1655 4739 1710 4790 et
1760 4736 1821 4790 in

144 4824 312 4880 fonte
359 4822 662 4878 salutifero
718 4822 1080 4895 baptismate
1125 4822 1317 4879 lotum
1362 4823 1586 4896 suscipi
1637 4822 1714 4878 ab
1749 4838 1820 4878 eo

147 4919 201 4969 te
266 4911 455 4968 sinas.
518 4911 662 4967 Hinc
720 4912 901 4979 eritis,
963 4912 1011 4967 si
1068 4912 1172 4968 tibi
1226 4912 1535 4985 placuerit,
1584 4913 1824 4984 insepa-

144 5002 414 5059 rabiliter
464 5001 570 5056 ﬁdi
627 5001 825 5071 amici,
883 5001 1205 5075 nullusque
1252 5007 1460 5058 contra
1509 5019 1618 5057 vos
1666 5008 1822 5058 stare

145 5090 385 5164 poterit,
437 5089 730 5163 facietque
775 5090 1142 5146 incessanter
1179 5093 1450 5145 vestrum
1491 5088 1822 5160 servitium,

143 5195 477 5252 regemque
534 5179 641 5235 tibi
684 5180 852 5236 omni
916 5184 1185 5252 tempore
1238 5178 1687 5235 benevolum.»
1723 5178 1824 5233 His

144 5269 343 5339 dictis,
402 5268 651 5324 consilio
708 5269 1030 5326 Franconis
1104 5268 1372 5341 episcopi
1452 5284 1823 5340 suorumque

144 5358 442 5414 comitum
473 5356 618 5413 dixit
652 5376 665 5413 :
692 5380 720 5406 «
754 5358 897 5413 Volo
928 5357 1263 5414 consentire
1288 5357 1415 5429 regi
1437 5356 1819 5430 Francisque,

146 5453 210 5503 ut
238 5447 446 5503 veniat
475 5446 553 5501 ad
578 5446 1035 5503 denominatum
1069 5447 1382 5519 placitum,
1414 5463 1633 5519 meque
1663 5447 1820 5503 redi-

144 5542 269 5592 mat
298 5536 465 5592 fonte
492 5535 871 5591 immersum.
908 5536 1010 5591 Hic
1037 5536 1185 5591 mihi
1234 5536 1306 5592 sit
1334 5540 1586 5609 paterno
1614 5553 1818 5592 amore

144 5642 253 5699 pro
303 5629 497 5698 patre,
561 5640 674 5694 ego
722 5625 985 5680 ﬁliorum
1037 5623 1351 5682 dilectione
1407 5642 1507 5682 ero
1582 5624 1664 5681 illi
1712 5641 1820 5697 pro

144 5715 285 5773 ﬁlio.
319 5717 645 5772 Succurrat
673 5714 841 5782 mihi,
891 5713 944 5769 si
1002 5731 1246 5771 necesse
1292 5714 1486 5784 fuerit,
1546 5719 1611 5772 ut
1650 5719 1822 5789 pater

441 5804 687 5859 Panos.
730 5805 905 5861 CXLI.

1950 460 2139 533 ritate,
2182 463 2443 519 tristetur
2471 482 2607 522 mea
2633 466 3009 523 adversitate.
3046 472 3187 535 Qua:
3216 486 3363 525 meas
3418 476 3617 543 potes-

1950 550 2085 606 tatis
2119 558 2274 625 sunt,
2304 555 2562 626 suijuris
2591 557 2729 625 sint,
2761 561 2817 613 et
2843 574 2979 630 quae
3008 560 3126 615 mei
3148 560 3321 631 juris,
3353 578 3477 617 sum
3504 579 3614 635 po-

1952 641 2178 695 testatis
2235 643 2367 698 sint.
2404 668 2432 693 »
2491 645 2891 701 lnternuntius
2948 647 3127 717 igitur
3187 664 3323 720 quae
3374 650 3618 719 audivit,

1950 730 2229 786 Rotberto
2254 732 2391 788 duci
2420 736 2800 791 renuntiavit.
2833 737 3060 792 Statuto
3090 737 3312 793 idcirco
3348 743 3618 812 tempore

1950 824 2242 875 venerunt
2262 821 2341 875 ad
2365 822 2829 879 determinatum
2872 824 3097 891 locum,
3148 825 3254 898 qui
3284 827 3501 883 dicitur
3540 828 3621 884 ad

1954 907 2236 964 Sanctum
2265 910 2518 966 Clerum.
2550 912 2809 968 Rollonis
2839 918 3039 969 autem
3061 914 3144 969 cis
3178 918 3336 987 Eptaa
3366 916 3621 973 fluvium

1951 996 2101 1051 sedit
2129 999 2438 1067 exercitus,
2468 1002 2621 1071 regis
2652 1018 2795 1057 vero
2820 1007 2879 1059 et
2929 1004 3189 1059 Rotberti
3245 1005 3616 1062 altrinsecus.

1953 1087 2258 1158 Extemplo
2288 1089 2451 1145 Rollo
2478 1091 2636 1145 misit
2662 1092 2738 1147 ad
2769 1108 2972 1162 regem
3006 1096 3369 1149 Francorum
3427 1095 3620 1150 archi-

1950 1175 2304 1249 episcopum
2330 1180 2515 1234 verba
2544 1180 2800 1237 dicenda
2830 1182 3132 1238 dicturum
3178 1201 3189 1237 :
3244 1206 3269 1231 ‹‹
3306 1183 3469 1240 Rollo
3495 1200 3620 1241 non

1949 1269 2144 1335 potest
2173 1271 2368 1323 tecum
2396 1269 2719 1343 paciﬁcari,
2775 1270 2921 1343 quia
2969 1276 3123 1327 terra
3154 1288 3341 1345 quam
3398 1272 3477 1328 illi
3530 1274 3620 1328 vis

1950 1353 2093 1409 dare
2144 1354 2367 1412 inculta
2416 1362 2504 1412 est
2562 1375 2825 1428 vomere,
2877 1360 3183 1431 pecudum
3244 1366 3300 1416 et
3328 1378 3618 1433 pecorum

1951 1459 2127 1513 grege
2178 1446 2426 1501 omnino
2484 1447 2732 1519 privata,
2800 1449 3239 1521 hominumque
3298 1450 3617 1521 prasentia

1948 1534 2247 1589 frustrata.
2288 1539 2414 1591 Non
2458 1536 2712 1592 habetur
2741 1538 2799 1592 in
2834 1554 2904 1593 ea
2935 1538 3095 1593 unde
3152 1540 3342 1611 possit
3400 1540 3614 1608 vivere,

1948 1620 2061 1675 nisi
2089 1621 2301 1693 rapina
2328 1627 2383 1677 et
2409 1623 2796 1694 praedatione.
2827 1627 2911 1679 Da
2936 1624 3015 1680 illi
3073 1625 3319 1698 aliquod
3358 1642 3617 1696 regnum

1948 1710 2108 1765 unde
2167 1712 2462 1767 conducat
2517 1713 2626 1768 sibi
2682 1714 2907 1785 cibum,
2961 1720 3018 1770 et
3065 1716 3364 1784 vestitum,
3424 1716 3618 1772 donec

1947 1801 2266 1873 impleatur
2308 1808 2460 1859 terra
2490 1821 2677 1865 uuam
2731 1805 2809 1859 illi
2850 1806 2960 1862 das
2992 1806 3435 1879 opulentiarum
3467 1824 3613 1863 con-

1948 1892 2124 1960 gerie,
2182 1892 2512 1965 reddatque
2586 1896 2953 1967 temporinos
3027 1896 3253 1952 fructus
3324 1896 3615 1967 victuum,

1946 1982 2285 2050 hominum,
2316 1988 2371 2039 et
2403 1984 2775 2041 animalium.
2836 1986 2989 2051 Quin
3044 1986 3222 2042 etiam
3272 2003 3395 2042 non
3422 1987 3617 2044 conci-

1944 2071 2184 2127 liabitnr
2204 2072 2329 2139 tibi,
2356 2073 2469 2128 nisi
2500 2079 2676 2143 terra,
2709 2092 2897 2147 quam
2927 2076 3176 2132 daturus
3208 2093 3295 2146 es,
3329 2076 3389 2131 in
3414 2093 3615 2133 sacra-

1945 2161 2149 2211 mento
2181 2157 2525 2213 Christianas
2555 2159 2858 2227 religionis
2877 2160 3196 2230 jnraveris,
3226 2165 3290 2229 tu
3319 2165 3375 2215 et
3424 2161 3619 2216 archi-

1945 2245 2231 2318 przesules
2288 2250 2345 2301 et
2395 2246 2682 2320 episcopi,
2740 2247 2987 2305 comites
3042 2254 3099 2304 et
3145 2249 3397 2305 abbates
3438 2249 3617 2305 totius

1945 2335 2136 2405 regni,
2165 2339 2230 2390 ut
2255 2340 2453 2391 teneat
2480 2335 2608 2407 ipse
2639 2341 2695 2392 et
2721 2354 3097 2393 successores
3120 2338 3250 2409 ejus
3281 2338 3477 2411 ipsam
3500 2343 3615 2393 ter-

1946 2440 2079 2479 ram
2105 2424 2183 2479 ab
2216 2426 2374 2497 Eptaa
2396 2424 2639 2480 ﬂuviolo
2663 2425 2741 2480 ad
2764 2442 2930 2481 mare
2948 2442 3139 2498 usque
3166 2426 3341 2498 quasi
3361 2426 3620 2483 fundum

1941 2516 1998 2566 et
2026 2512 2272 2567 alodum
2298 2512 2361 2567 in
2391 2513 2843 2585 sempiternum.
2880 2537 2908 2563 »
2939 2517 3098 2569 Tunc
3151 2514 3467 2569 Rotbertus
3493 2514 3619 2570 dux

1943 2604 2324 2667 Francorum,
2387 2606 2443 2655 et
2480 2601 2585 2673 qui
2637 2601 2886 2657 aderant
2937 2602 3181 2657 comites
3236 2607 3291 2657 et
3322 2601 3610 2674 episcopi,

1942 2707 2080 2745 cum
2134 2689 2477 2756 abbatibus,
2538 2689 2816 2745 dixerunt
2862 2691 2986 2759 regi
3029 2707 3041 2744 :
3100 2714 3127 2739 «
3158 2694 3285 2747 Non
3354 2690 3608 2747 habebis

1939 2774 2156 2829 ducem
2178 2774 2321 2829 tanti
2357 2773 2622 2839 honoris,
2656 2774 2767 2828 nisi
2798 2775 2966 2846 quod
2988 2774 3355 2847 concupiscit
3377 2775 3603 2831 feceris.

1942 2863 1998 2919 Si
2028 2879 2149 2919 non
2181 2868 2422 2936 propter
2453 2862 2755 2918 servitium
2787 2864 2953 2935 quod
2983 2864 3202 2936 reperit
3254 2881 3289 2919 a
3348 2868 3401 2920 te
3428 2864 3609 2920 dede-

1937 2952 2037 3021 ris,
2068 2952 2280 3007 saltem
2311 2952 2390 3008 da
2419 2951 2501 3007 illi
2530 2955 2774 3025 propter
2804 2952 3029 3008 cultum
3082 2952 3430 3009 Christianae
3479 2953 3609 3009 reli-

1938 3041 2245 3113 giositatis,
2279 3046 2344 3097 ut
2400 3041 2743 3114 acquiratur
2793 3046 2993 3097 tantus
3046 3042 3309 3115 populus
3354 3043 3606 3112 Christo,

1891 3131 2041 3203 ‘qui
2072 3131 2339 3187 interitus
2384 3134 2471 3186 est
2524 3146 2723 3187 errore
2753 3130 3071 3187 diabolico.
3130 3134 3196 3187 Et
3247 3147 3321 3187 ne
3370 3130 3610 3191 culmen

1936 3220 2114 3276 totius
2144 3220 2312 3290 regni
2334 3220 2437 3289 tui,
2480 3219 2773 3287 Ecclesiae,
2806 3236 2940 3293 quae
2971 3219 3332 3277 adnihiletur
3378 3219 3609 3294 impetu

1933 3309 2269 3365 infestantis
2301 3309 2611 3378 exercitus,
2641 3309 2815 3379 cujus
2839 3308 3250 3365 advocationis
3271 3310 3606 3382 patrocinio

1933 3398 2061 3455 vice
2084 3398 2298 3455 Christi
2328 3399 2608 3468 fungens,
2642 3397 2827 3453 debes
2856 3414 2991 3453 esse
3020 3414 3122 3453 rex
3159 3403 3217 3454 et
3268 3398 3602 3455 advocatus

1933 3487 2542 3544 constantissimus.»
2614 3490 2775 3541 Tunc
2849 3486 3273 3542 Flandrensem
3358 3492 3601 3554 terram,

1933 3583 1997 3634 ut
2053 3595 2125 3634 ex
2169 3594 2240 3634 ea
2295 3577 2537 3646 viveret,
2592 3576 2778 3632 voluit
2824 3592 2927 3631 rex
2975 3576 3028 3632 ei
3084 3576 3275 3645 dare;
3345 3578 3453 3633 sed
3507 3578 3604 3634 ille

1931 3667 2120 3723 noluit
2174 3683 2297 3740 prae
2345 3665 2662 3738 paludium
2720 3665 3109 3737 impeditione
3165 3666 3447 3738 recipere.
3496 3670 3604 3723 tta-

1930 3773 2048 3829 que
2098 3755 2355 3828 spondet
2409 3772 2515 3811 rex
2546 3754 2599 3810 ei
2656 3754 3021 3810 Britanniam
3072 3754 3237 3826 dare,
3297 3771 3433 3827 quae
3476 3760 3601 3812 erat

1929 3846 1990 3901 in
2047 3844 2306 3901 conﬁnio
2363 3843 2675 3917 promissae
2730 3848 2916 3900 terrae.
2967 3843 3123 3899 Illico
3180 3843 3497 3901 Rotbertus
3546 3850 3602 3901 et

1930 3938 2154 3991 Franco
2184 3933 2501 4006 episcopus
2531 3933 3026 3989 renuntiaverunt
3077 3934 3284 3989 omnia
3344 3933 3596 4005 Rolloni,

1929 4028 1986 4080 et
2016 4023 2398 4080 adduxerunt
2423 4022 2591 4078 illum
2646 4023 2980 4093 integritate
3039 4022 3385 4079 Christianas
3438 4023 3599 4093 ﬁdei,

1927 4112 2243 4169 obsidibus
2268 4110 2444 4178 datis,
2462 4110 2673 4167 Carolo
2725 4110 2870 4182 regi.
2899 4111 3105 4167 Franci
3134 4128 3276 4167 vero
3299 4111 3598 4168 intuentes

1930 4202 2242 4259 Rollonem
2274 4201 2451 4258 totius
2484 4201 2743 4257 Francia:
2773 4201 3134 4269 invasorem,
3189 4201 3467 4257 dixerunt
3521 4201 3602 4257 ad

1924 4291 2185 4348 invicem
2222 4308 2234 4346 :
2271 4314 2298 4340 ‹‹
2332 4294 2555 4361 Magnae
2585 4290 2864 4363 potentiae
2894 4289 3001 4346 iste
3045 4290 3190 4360 dux,
3240 4305 3601 4362 magnaeque

1924 4382 2175 4451 virtutis,
2209 4384 2389 4453 atque
2420 4380 2627 4449 magni
2673 4379 2903 4435 consilii
2957 4382 3014 4434 et
3059 4379 3413 4450 prudentiae,
3447 4378 3594 4450 quin

1927 4472 2107 4527 etiam
2150 4469 2394 4538 laboris,
2451 4468 2556 4540 qui
2609 4473 2775 4523 tanta
2825 4466 3032 4539 praelia
3093 4468 3354 4523 exercuit
3393 4471 3601 4522 contra

1926 4559 2173 4616 comites
2227 4557 2400 4613 istius
2458 4556 2706 4626 regni.»
2763 4555 2971 4613 Statim
3030 4556 3400 4612 Francorum
3432 4570 3602 4611 coac-

1925 4653 2023 4707 tus
2083 4646 2303 4715 verbis,
2379 4660 2600 4701 manus
2687 4661 2827 4700 suas
2902 4643 3067 4699 misit
3149 4644 3301 4699 inter
3378 4660 3600 4700 manus

1926 4738 2103 4808 regis,
2155 4735 2321 4809 quod
2377 4750 2695 4806 nunquam
2751 4738 2920 4806 pater
2969 4732 3121 4804 ejus,
3178 4738 3234 4789 et
3284 4749 3452 4803 avus,
3512 4737 3600 4789 at-

1926 4842 2046 4899 que
2095 4840 2361 4898 proavus
2417 4823 2702 4895 cuiquam
2746 4821 2900 4878 fecit.
2948 4821 3117 4878 Dedit
3170 4822 3370 4894 itaque
3410 4821 3600 4877 ﬁliam

1930 4931 2107 4971 suam
2167 4913 2390 4970 Gislam
2473 4913 2718 4968 nomine
2774 4927 3025 4968 uxorem
3105 4911 3187 4966 illi
3241 4910 3400 4979 duci,
3485 4915 3601 4967 ter-

1928 5020 2184 5076 ramque
2236 5000 2697 5058 determinatam
2751 5001 2811 5057 in
2880 4999 3080 5066 alodo,
3132 5004 3187 5055 et
3253 4999 3314 5054 in
3386 4988 3597 5066 fundo,

1931 5109 1968 5149 a
2012 5093 2260 5149 ﬂumine
2318 5094 2478 5164 Eptaa
2522 5106 2713 5163 usque
2756 5089 2832 5145 ad
2881 5104 3071 5159 mare,
3121 5092 3428 5160 totamque
3486 5088 3602 5143 Bri-

1930 5181 2203 5241 tanniam
2256 5180 2330 5235 de
2391 5195 2516 5251 qua
2562 5182 2765 5251 posset
2823 5177 3040 5233 vivere.
3094 5176 3325 5233 Rolloni
3381 5176 3601 5250 pedem

1929 5271 2086 5340 regis
2142 5267 2368 5325 nolenti
2425 5266 2683 5323 osculari
2740 5265 3019 5321 dixerunt
3075 5264 3388 5339 episcopi:
3427 5264 3603 5331 «Qui

1930 5359 2046 5416 tale
2068 5359 2299 5415 donum
2343 5356 2569 5429 recipit,
2602 5354 2808 5411 osculo
2840 5354 3018 5411 debet
3065 5359 3337 5428 expetere
3383 5355 3604 5429 pedem

1930 5446 2105 5517 regis.
2142 5466 2172 5498 »
2205 5449 2270 5501 Et
2298 5444 2394 5500 ille
2424 5461 2436 5499 :
2472 5466 2499 5491 «
2529 5447 2850 5515 Nunquam
2909 5442 3177 5499 curvabo
3238 5458 3436 5512 genua
3466 5460 3606 5499 mea

1932 5536 2187 5606 alicujus
2242 5534 2517 5605 genibus,
2578 5548 2687 5588 nec
2735 5532 3059 5589 osculabor
3104 5532 3445 5607 cujuspiam
3492 5548 3599 5605 pe-

1930 5625 2089 5681 dem.
2124 5646 2152 5673 »
2183 5624 2550 5678 Francorum
2576 5620 2755 5693 igitur
2780 5621 3058 5694 precibus
3090 5622 3468 5694 compulsus,
3481 5621 3608 5691 jus-

1930 5713 2003 5772 sit
2022 5712 2266 5772 cuidam
2287 5711 2459 5769 militi
2470 5711 2692 5785 pedem
2706 5710 2864 5783 regis
2881 5711 3280 5777 osculari.Qui
3297 5709 3498 5767 statim
3523 5725 3601 5781 pe

3242 5804 3303 5856 21
