  <div class='ocr_page' id='page_1' title='image "/cluster/home/n/w/nwhite01/storage/ocr_20150623/140-141/uc1.31175018559917/902.png"; bbox 0 0 3968 6434; ppageno 0'>
   <div class='ocr_carea' id='block_1_1' title="bbox 139 288 248 342">
    <p class='ocr_par' dir='ltr' id='par_1_1' title="bbox 139 288 248 342">
     <span class='ocr_line' id='line_1_1' title="bbox 139 288 248 342; baseline 0 0"><span class='ocrx_word' id='word_1_1' title='bbox 139 288 248 342; x_wconf 69' lang='lat'>653</span> 
     </span>
    </p>
   </div>
   <div class='ocr_carea' id='block_1_2' title="bbox 687 276 1761 340">
    <p class='ocr_par' dir='ltr' id='par_1_2' title="bbox 687 279 1761 340">
     <span class='ocr_line' id='line_1_2' title="bbox 687 279 1761 340; baseline -0.006 -2"><span class='ocrx_word' id='word_1_2' title='bbox 687 286 775 338; x_wconf 90' lang='lat' dir='ltr'>DE</span> <span class='ocrx_word' id='word_1_3' title='bbox 817 283 1068 340; x_wconf 81' lang='lat' dir='ltr'>GESTIS</span> <span class='ocrx_word' id='word_1_4' title='bbox 1107 280 1548 338; x_wconf 64' lang='lat' dir='ltr'>NORIAHNIE</span> <span class='ocrx_word' id='word_1_5' title='bbox 1587 279 1761 334; x_wconf 69' lang='lat' dir='ltr'>DUCE</span> 
     </span>
    </p>
   </div>
   <div class='ocr_carea' id='block_1_3' title="bbox 1968 276 3033 340">
    <p class='ocr_par' dir='ltr' id='par_1_3' title="bbox 1968 277 3033 338">
     <span class='ocr_line' id='line_1_3' title="bbox 1968 277 3033 338; baseline 0.008 -10"><span class='ocrx_word' id='word_1_6' title='bbox 1968 277 2048 332; x_wconf 69' lang='lat' dir='ltr'>:Rl</span> <span class='ocrx_word' id='word_1_7' title='bbox 2087 280 2280 337; x_wconf 81' lang='lat' dir='ltr'>TRES.</span> <span class='ocrx_word' id='word_1_8' title='bbox 2315 310 2384 324; x_wconf 79' lang='lat'><em>-</em></span> <span class='ocrx_word' id='word_1_9' title='bbox 2425 279 2632 336; x_wconf 85' lang='lat' dir='ltr'>LIBER</span> <span class='ocrx_word' id='word_1_10' title='bbox 2672 279 2737 335; x_wconf 92' lang='grc' dir='ltr'><strong>ΙΙ.</strong></span> <span class='ocrx_word' id='word_1_11' title='bbox 2781 279 3033 338; x_wconf 80' lang='lat' dir='ltr'>ROLLO.</span> 
     </span>
    </p>
   </div>
   <div class='ocr_carea' id='block_1_4' title="bbox 3466 283 3571 338">
    <p class='ocr_par' dir='ltr' id='par_1_4' title="bbox 3466 283 3571 338">
     <span class='ocr_line' id='line_1_4' title="bbox 3466 283 3571 338; baseline -0.019 0"><span class='ocrx_word' id='word_1_12' title='bbox 3466 283 3571 338; x_wconf 75' lang='grc'>654</span> 
     </span>
    </p>
   </div>
   <div class='ocr_carea' id='block_1_5' title="bbox 141 402 3577 483">
    <p class='ocr_par' dir='ltr' id='par_1_5' title="bbox 141 402 3577 483">
     <span class='ocr_line' id='line_1_5' title="bbox 141 402 3577 483; baseline -0.001 -18"><span class='ocrx_word' id='word_1_13' title='bbox 141 408 676 483; x_wconf 63' lang='lat' dir='ltr'>appropinquante</span> <span class='ocrx_word' id='word_1_14' title='bbox 725 407 971 464; x_wconf 83' lang='lat' dir='ltr'>meridie</span> <span class='ocrx_word' id='word_1_15' title='bbox 1026 424 1209 462; x_wconf 87' lang='lat' dir='ltr'>causa</span> <span class='ocrx_word' id='word_1_16' title='bbox 1275 405 1490 460; x_wconf 77' lang='lat' dir='ltr'>edendi</span> <span class='ocrx_word' id='word_1_17' title='bbox 1557 403 1807 458; x_wconf 88' lang='lat' dir='ltr'>domum</span> <span class='ocrx_word' id='word_1_18' title='bbox 1847 403 1892 453; x_wconf 78' lang='grc' dir='ltr'><strong>Α</strong></span> <span class='ocrx_word' id='word_1_19' title='bbox 1993 402 2284 458; x_wconf 85' lang='lat' dir='ltr'>Continua</span> <span class='ocrx_word' id='word_1_20' title='bbox 2311 403 2490 472; x_wconf 82' lang='lat' dir='ltr'>igitur</span> <span class='ocrx_word' id='word_1_21' title='bbox 2520 419 2689 475; x_wconf 85' lang='lat' dir='ltr'><strong>pace,</strong></span> <span class='ocrx_word' id='word_1_22' title='bbox 2723 403 3128 476; x_wconf 88' lang='lat' dir='ltr'>diuturnaque</span> <span class='ocrx_word' id='word_1_23' title='bbox 3171 403 3375 476; x_wconf 84' lang='lat' dir='ltr'>requie</span> <span class='ocrx_word' id='word_1_24' title='bbox 3417 404 3577 462; x_wconf 63' lang='lat' dir='ltr'>laeta-</span> 
     </span>
    </p>
   </div>
   <div class='ocr_carea' id='block_1_6' title="bbox 144 492 1808 560">
    <p class='ocr_par' dir='ltr' id='par_1_6' title="bbox 144 492 1808 560">
     <span class='ocr_line' id='line_1_6' title="bbox 144 492 1808 560; baseline -0.005 -7"><span class='ocrx_word' id='word_1_25' title='bbox 144 515 322 553; x_wconf 89' lang='lat' dir='ltr'>suam</span> <span class='ocrx_word' id='word_1_26' title='bbox 355 497 531 556; x_wconf 81' lang='lat' dir='ltr'>venit.</span> <span class='ocrx_word' id='word_1_27' title='bbox 566 498 754 560; x_wconf 87' lang='lat' dir='ltr'>Quem</span> <span class='ocrx_word' id='word_1_28' title='bbox 787 513 936 552; x_wconf 87' lang='lat' dir='ltr'>uxor</span> <span class='ocrx_word' id='word_1_29' title='bbox 979 496 1146 551; x_wconf 86' lang='lat' dir='ltr'>duris</span> <span class='ocrx_word' id='word_1_30' title='bbox 1174 494 1374 550; x_wconf 80' lang='lat' dir='ltr'>verbis</span> <span class='ocrx_word' id='word_1_31' title='bbox 1419 498 1474 548; x_wconf 90' lang='lat' dir='ltr'>et</span> <span class='ocrx_word' id='word_1_32' title='bbox 1509 492 1808 547; x_wconf 85' lang='lat' dir='ltr'>obstinato</span> 
     </span>
    </p>
   </div>
   <div class='ocr_carea' id='block_1_7' title="bbox 144 583 1809 658">
    <p class='ocr_par' dir='ltr' id='par_1_7' title="bbox 144 583 1809 658">
     <span class='ocr_line' id='line_1_7' title="bbox 144 583 1809 658; baseline -0.005 -15"><span class='ocrx_word' id='word_1_33' title='bbox 144 587 329 643; x_wconf 90' lang='lat' dir='ltr'>corde</span> <span class='ocrx_word' id='word_1_34' title='bbox 352 587 530 658; x_wconf 72' lang='lat' dir='ltr'>cmpit</span> <span class='ocrx_word' id='word_1_35' title='bbox 554 586 1042 657; x_wconf 88' lang='lat' dir='ltr'>increpitare,cur</span> <span class='ocrx_word' id='word_1_36' title='bbox 1063 585 1381 640; x_wconf 74' lang='lat' dir='ltr'>dimisisset</span> <span class='ocrx_word' id='word_1_37' title='bbox 1403 583 1582 638; x_wconf 80' lang='lat' dir='ltr'>aratri</span> <span class='ocrx_word' id='word_1_38' title='bbox 1606 597 1809 636; x_wconf 89' lang='lat' dir='ltr'>neces-</span> 
     </span>
    </p>
   </div>
   <div class='ocr_carea' id='block_1_8' title="bbox 147 672 1814 746">
    <p class='ocr_par' dir='ltr' id='par_1_8' title="bbox 147 672 1814 746">
     <span class='ocr_line' id='line_1_8' title="bbox 147 672 1814 746; baseline -0.003 -16"><span class='ocrx_word' id='word_1_39' title='bbox 147 677 328 744; x_wconf 88' lang='lat' dir='ltr'>saria,</span> <span class='ocrx_word' id='word_1_40' title='bbox 357 681 414 732; x_wconf 89' lang='lat' dir='ltr'>et</span> <span class='ocrx_word' id='word_1_41' title='bbox 463 676 802 746; x_wconf 76' lang='lat' dir='ltr'>adjaeentia</span> <span class='ocrx_word' id='word_1_42' title='bbox 852 676 913 730; x_wconf 90' lang='lat' dir='ltr'>in</span> <span class='ocrx_word' id='word_1_43' title='bbox 967 693 1076 730; x_wconf 92' lang='lat' dir='ltr'>suo</span> <span class='ocrx_word' id='word_1_44' title='bbox 1127 675 1352 730; x_wconf 88' lang='lat' dir='ltr'>labore.</span> <span class='ocrx_word' id='word_1_45' title='bbox 1407 673 1514 728; x_wconf 89' lang='lat' dir='ltr'>Diu</span> <span class='ocrx_word' id='word_1_46' title='bbox 1561 672 1814 726; x_wconf 90' lang='lat' dir='ltr'>molesta</span> 
     </span>
    </p>
   </div>
   <div class='ocr_carea' id='block_1_9' title="bbox 147 762 1812 838">
    <p class='ocr_par' dir='ltr' id='par_1_9' title="bbox 147 762 1812 838">
     <span class='ocr_line' id='line_1_9' title="bbox 147 762 1812 838; baseline -0.005 -16"><span class='ocrx_word' id='word_1_47' title='bbox 147 771 334 838; x_wconf 90' lang='lat' dir='ltr'>atque</span> <span class='ocrx_word' id='word_1_48' title='bbox 365 766 684 838; x_wconf 88' lang='lat' dir='ltr'>increpans</span> <span class='ocrx_word' id='word_1_49' title='bbox 715 765 927 825; x_wconf 87' lang='lat' dir='ltr'>virum.</span> <span class='ocrx_word' id='word_1_50' title='bbox 961 765 1124 820; x_wconf 82' lang='lat' dir='ltr'>dedit</span> <span class='ocrx_word' id='word_1_51' title='bbox 1158 765 1210 819; x_wconf 89' lang='lat' dir='ltr'>ei</span> <span class='ocrx_word' id='word_1_52' title='bbox 1243 764 1628 820; x_wconf 81' lang='lat' dir='ltr'>manducare.</span> <span class='ocrx_word' id='word_1_53' title='bbox 1665 762 1812 816; x_wconf 84' lang='lat' dir='ltr'>Inte-</span> 
     </span>
    </p>
   </div>
   <div class='ocr_carea' id='block_1_10' title="bbox 146 849 1818 922">
    <p class='ocr_par' dir='ltr' id='par_1_10' title="bbox 146 849 1818 922">
     <span class='ocr_line' id='line_1_10' title="bbox 146 849 1818 922; baseline -0.003 -13"><span class='ocrx_word' id='word_1_54' title='bbox 146 855 263 909; x_wconf 87' lang='lat' dir='ltr'>rim</span> <span class='ocrx_word' id='word_1_55' title='bbox 297 854 500 910; x_wconf 90' lang='lat' dir='ltr'>volens</span> <span class='ocrx_word' id='word_1_56' title='bbox 529 871 708 909; x_wconf 90' lang='lat' dir='ltr'>suum</span> <span class='ocrx_word' id='word_1_57' title='bbox 753 855 1036 910; x_wconf 88' lang='lat' dir='ltr'>maritum</span> <span class='ocrx_word' id='word_1_58' title='bbox 1067 854 1260 909; x_wconf 83' lang='lat' dir='ltr'>facere</span> <span class='ocrx_word' id='word_1_59' title='bbox 1288 853 1469 922; x_wconf 80' lang='lat' dir='ltr'>hujus</span> <span class='ocrx_word' id='word_1_60' title='bbox 1493 852 1594 915; x_wconf 86' lang='lat' dir='ltr'>rei,</span> <span class='ocrx_word' id='word_1_61' title='bbox 1630 867 1704 906; x_wconf 90' lang='lat' dir='ltr'>ne</span> <span class='ocrx_word' id='word_1_62' title='bbox 1734 849 1818 904; x_wconf 83' lang='lat' dir='ltr'>di-</span> 
     </span>
    </p>
   </div>
   <div class='ocr_carea' id='block_1_11' title="bbox 149 939 1818 1014">
    <p class='ocr_par' dir='ltr' id='par_1_11' title="bbox 149 939 1818 1014">
     <span class='ocr_line' id='line_1_11' title="bbox 149 939 1818 1014; baseline -0.004 -15"><span class='ocrx_word' id='word_1_63' title='bbox 149 943 410 999; x_wconf 81' lang='lat' dir='ltr'>mitteret</span> <span class='ocrx_word' id='word_1_64' title='bbox 457 943 738 1014; x_wconf 80' lang='lat' dir='ltr'>amplius,</span> <span class='ocrx_word' id='word_1_65' title='bbox 787 942 1126 1008; x_wconf 86' lang='lat' dir='ltr'>sollicitum,</span> <span class='ocrx_word' id='word_1_66' title='bbox 1176 943 1346 997; x_wconf 85' lang='lat' dir='ltr'>citius</span> <span class='ocrx_word' id='word_1_67' title='bbox 1395 958 1580 1012; x_wconf 85' lang='lat' dir='ltr'>quam</span> <span class='ocrx_word' id='word_1_68' title='bbox 1627 939 1818 1011; x_wconf 90' lang='lat' dir='ltr'>potuit</span> 
     </span>
    </p>
   </div>
   <div class='ocr_carea' id='block_1_12' title="bbox 150 1029 1818 1106">
    <p class='ocr_par' dir='ltr' id='par_1_12' title="bbox 150 1029 1818 1106">
     <span class='ocr_line' id='line_1_12' title="bbox 150 1029 1818 1106; baseline -0.004 -18"><span class='ocrx_word' id='word_1_69' title='bbox 150 1033 311 1092; x_wconf 82' lang='lat' dir='ltr'>clam</span> <span class='ocrx_word' id='word_1_70' title='bbox 360 1032 642 1105; x_wconf 84' lang='lat' dir='ltr'>expetivit</span> <span class='ocrx_word' id='word_1_71' title='bbox 688 1048 998 1106; x_wconf 86' lang='lat' dir='ltr'>campum,</span> <span class='ocrx_word' id='word_1_72' title='bbox 1027 1038 1083 1086; x_wconf 91' lang='lat' dir='ltr'>et</span> <span class='ocrx_word' id='word_1_73' title='bbox 1114 1031 1346 1086; x_wconf 87' lang='lat' dir='ltr'>sustulit</span> <span class='ocrx_word' id='word_1_74' title='bbox 1379 1031 1490 1085; x_wconf 95' lang='lat' dir='ltr'>sibi</span> <span class='ocrx_word' id='word_1_75' title='bbox 1535 1029 1818 1096; x_wconf 86' lang='lat' dir='ltr'>corrigias</span> 
     </span>
    </p>
   </div>
   <div class='ocr_carea' id='block_1_13' title="bbox 147 1119 1821 1196">
    <p class='ocr_par' dir='ltr' id='par_1_13' title="bbox 147 1119 1821 1196">
     <span class='ocr_line' id='line_1_13' title="bbox 147 1119 1821 1196; baseline -0.005 -16"><span class='ocrx_word' id='word_1_76' title='bbox 147 1123 280 1194; x_wconf 79' lang='lat' dir='ltr'>jugi</span> <span class='ocrx_word' id='word_1_77' title='bbox 323 1139 757 1196; x_wconf 88' lang='lat' dir='ltr'>pomeremque</span> <span class='ocrx_word' id='word_1_78' title='bbox 806 1127 863 1177; x_wconf 89' lang='lat' dir='ltr'>et</span> <span class='ocrx_word' id='word_1_79' title='bbox 905 1122 1197 1187; x_wconf 86' lang='lat' dir='ltr'>cultrum;</span> <span class='ocrx_word' id='word_1_80' title='bbox 1253 1126 1431 1193; x_wconf 90' lang='lat' dir='ltr'>atque</span> <span class='ocrx_word' id='word_1_81' title='bbox 1480 1137 1554 1175; x_wconf 89' lang='lat' dir='ltr'>ne</span> <span class='ocrx_word' id='word_1_82' title='bbox 1593 1119 1821 1174; x_wconf 85' lang='lat' dir='ltr'>videret</span> 
     </span>
    </p>
   </div>
   <div class='ocr_carea' id='block_1_14' title="bbox 152 1208 1818 1282">
    <p class='ocr_par' dir='ltr' id='par_1_14' title="bbox 152 1208 1818 1282">
     <span class='ocr_line' id='line_1_14' title="bbox 152 1208 1818 1282; baseline -0.003 -17"><span class='ocrx_word' id='word_1_83' title='bbox 152 1211 410 1266; x_wconf 87' lang='lat' dir='ltr'>maritus</span> <span class='ocrx_word' id='word_1_84' title='bbox 440 1209 836 1265; x_wconf 85' lang='lat' dir='ltr'>subducendo</span> <span class='ocrx_word' id='word_1_85' title='bbox 862 1226 953 1277; x_wconf 91' lang='lat' dir='ltr'>ea,</span> <span class='ocrx_word' id='word_1_86' title='bbox 985 1210 1157 1282; x_wconf 88' lang='lat' dir='ltr'>quasi</span> <span class='ocrx_word' id='word_1_87' title='bbox 1182 1209 1421 1263; x_wconf 86' lang='lat' dir='ltr'>aliunde</span> <span class='ocrx_word' id='word_1_88' title='bbox 1457 1208 1696 1262; x_wconf 87' lang='lat' dir='ltr'>veniens</span> <span class='ocrx_word' id='word_1_89' title='bbox 1730 1223 1818 1261; x_wconf 90' lang='lat' dir='ltr'>re-</span> 
     </span>
    </p>
   </div>
   <div class='ocr_carea' id='block_1_15' title="bbox 152 1298 1816 1372">
    <p class='ocr_par' dir='ltr' id='par_1_15' title="bbox 152 1298 1816 1372">
     <span class='ocr_line' id='line_1_15' title="bbox 152 1298 1816 1372; baseline -0.003 -19"><span class='ocrx_word' id='word_1_90' title='bbox 152 1299 358 1372; x_wconf 77' lang='lat' dir='ltr'>petivit</span> <span class='ocrx_word' id='word_1_91' title='bbox 401 1299 675 1354; x_wconf 89' lang='lat' dir='ltr'>domum.</span> <span class='ocrx_word' id='word_1_92' title='bbox 729 1298 965 1355; x_wconf 74' lang='lat' dir='ltr'>Maritus</span> <span class='ocrx_word' id='word_1_93' title='bbox 1022 1299 1152 1368; x_wconf 86' lang='lat' dir='ltr'>ejus</span> <span class='ocrx_word' id='word_1_94' title='bbox 1196 1303 1497 1353; x_wconf 87' lang='lat' dir='ltr'>saturatus</span> <span class='ocrx_word' id='word_1_95' title='bbox 1548 1312 1816 1363; x_wconf 87' lang='lat' dir='ltr'>surgens,</span> 
     </span>
    </p>
   </div>
   <div class='ocr_carea' id='block_1_16' title="bbox 155 1384 1821 1460">
    <p class='ocr_par' dir='ltr' id='par_1_16' title="bbox 155 1384 1821 1460">
     <span class='ocr_line' id='line_1_16' title="bbox 155 1384 1821 1460; baseline -0.002 -19"><span class='ocrx_word' id='word_1_96' title='bbox 155 1389 373 1459; x_wconf 90' lang='lat' dir='ltr'>suique</span> <span class='ocrx_word' id='word_1_97' title='bbox 399 1388 621 1443; x_wconf 87' lang='lat' dir='ltr'>laboris</span> <span class='ocrx_word' id='word_1_98' title='bbox 654 1405 937 1460; x_wconf 84' lang='lat' dir='ltr'>campum</span> <span class='ocrx_word' id='word_1_99' title='bbox 969 1404 1244 1458; x_wconf 76' lang='lat' dir='ltr'>pergens.</span> <span class='ocrx_word' id='word_1_100' title='bbox 1277 1386 1612 1441; x_wconf 83' lang='lat' dir='ltr'>necessaria</span> <span class='ocrx_word' id='word_1_101' title='bbox 1644 1384 1821 1439; x_wconf 81' lang='lat' dir='ltr'>aratri</span> 
     </span>
    </p>
   </div>
   <div class='ocr_carea' id='block_1_17' title="bbox 151 1475 1820 1544">
    <p class='ocr_par' dir='ltr' id='par_1_17' title="bbox 151 1475 1820 1544">
     <span class='ocr_line' id='line_1_17' title="bbox 151 1475 1820 1544; baseline -0.002 -14"><span class='ocrx_word' id='word_1_102' title='bbox 151 1491 279 1530; x_wconf 90' lang='lat' dir='ltr'>non</span> <span class='ocrx_word' id='word_1_103' title='bbox 313 1475 572 1530; x_wconf 80' lang='lat' dir='ltr'>invenit:</span> <span class='ocrx_word' id='word_1_104' title='bbox 616 1475 752 1530; x_wconf 92' lang='lat' dir='ltr'>inde</span> <span class='ocrx_word' id='word_1_105' title='bbox 802 1475 975 1530; x_wconf 87' lang='lat' dir='ltr'>tristis</span> <span class='ocrx_word' id='word_1_106' title='bbox 1022 1475 1274 1529; x_wconf 90' lang='lat' dir='ltr'>domum</span> <span class='ocrx_word' id='word_1_107' title='bbox 1318 1479 1633 1535; x_wconf 83' lang='lat' dir='ltr'>revertens,</span> <span class='ocrx_word' id='word_1_108' title='bbox 1675 1489 1820 1544; x_wconf 90' lang='lat' dir='ltr'>que-</span> 
     </span>
    </p>
   </div>
   <div class='ocr_carea' id='block_1_18' title="bbox 152 1560 1823 1635">
    <p class='ocr_par' dir='ltr' id='par_1_18' title="bbox 152 1560 1823 1635">
     <span class='ocr_line' id='line_1_18' title="bbox 152 1560 1823 1635; baseline -0.002 -17"><span class='ocrx_word' id='word_1_109' title='bbox 152 1563 302 1618; x_wconf 64' lang='lat' dir='ltr'>rulae</span> <span class='ocrx_word' id='word_1_110' title='bbox 348 1563 591 1633; x_wconf 88' lang='lat' dir='ltr'>conjugi</span> <span class='ocrx_word' id='word_1_111' title='bbox 621 1562 926 1617; x_wconf 84' lang='lat' dir='ltr'>indicavit.</span> <span class='ocrx_word' id='word_1_112' title='bbox 970 1565 1108 1625; x_wconf 74' lang='lat' dir='ltr'>Quae</span> <span class='ocrx_word' id='word_1_113' title='bbox 1149 1563 1327 1635; x_wconf 65' lang='lat' dir='ltr'>empit</span> <span class='ocrx_word' id='word_1_114' title='bbox 1369 1579 1506 1620; x_wconf 86' lang='lat' dir='ltr'>eum</span> <span class='ocrx_word' id='word_1_115' title='bbox 1534 1560 1823 1616; x_wconf 71' lang='lat' dir='ltr'>invective</span> 
     </span>
    </p>
   </div>
   <div class='ocr_carea' id='block_1_19' title="bbox 153 1648 1824 1722">
    <p class='ocr_par' dir='ltr' id='par_1_19' title="bbox 153 1648 1824 1722">
     <span class='ocr_line' id='line_1_19' title="bbox 153 1648 1824 1722; baseline -0.002 -16"><span class='ocrx_word' id='word_1_116' title='bbox 153 1657 212 1706; x_wconf 91' lang='lat' dir='ltr'>et</span> <span class='ocrx_word' id='word_1_117' title='bbox 261 1650 541 1705; x_wconf 90' lang='lat' dir='ltr'>invisorie</span> <span class='ocrx_word' id='word_1_118' title='bbox 594 1650 914 1722; x_wconf 83' lang='lat' dir='ltr'>increpans</span> <span class='ocrx_word' id='word_1_119' title='bbox 955 1651 1186 1705; x_wconf 85' lang='lat' dir='ltr'>dicere:</span> <span class='ocrx_word' id='word_1_120' title='bbox 1239 1650 1514 1704; x_wconf 78' lang='lat' dir='ltr'>«Nullius</span> <span class='ocrx_word' id='word_1_121' title='bbox 1563 1648 1824 1703; x_wconf 84' lang='lat' dir='ltr'>utilitatis</span> 
     </span>
    </p>
   </div>
   <div class='ocr_carea' id='block_1_20' title="bbox 1919 488 3581 558">
    <p class='ocr_par' dir='ltr' id='par_1_20' title="bbox 1919 488 3581 558">
     <span class='ocr_line' id='line_1_20' title="bbox 1919 488 3581 558; baseline 0.005 -16"><span class='ocrx_word' id='word_1_122' title='bbox 1919 488 2138 548; x_wconf 82' lang='lat' dir='ltr'>bantur</span> <span class='ocrx_word' id='word_1_123' title='bbox 2179 492 2472 558; x_wconf 85' lang='lat' dir='ltr'>homines,</span> <span class='ocrx_word' id='word_1_124' title='bbox 2506 491 2619 547; x_wconf 88' lang='lat' dir='ltr'>sub</span> <span class='ocrx_word' id='word_1_125' title='bbox 2649 491 2914 549; x_wconf 88' lang='lat' dir='ltr'>Rotbcrti</span> <span class='ocrx_word' id='word_1_126' title='bbox 2966 492 3188 549; x_wconf 87' lang='lat' dir='ltr'>ditione</span> <span class='ocrx_word' id='word_1_127' title='bbox 3233 493 3426 549; x_wconf 88' lang='lat' dir='ltr'>securi</span> <span class='ocrx_word' id='word_1_128' title='bbox 3454 508 3581 550; x_wconf 88' lang='lat' dir='ltr'>mo-</span> 
     </span>
    </p>
   </div>
   <div class='ocr_carea' id='block_1_21' title="bbox 1921 579 3580 653">
    <p class='ocr_par' dir='ltr' id='par_1_21' title="bbox 1921 579 3580 653">
     <span class='ocr_line' id='line_1_21' title="bbox 1921 579 3580 653; baseline 0.004 -21"><span class='ocrx_word' id='word_1_129' title='bbox 1921 584 2153 646; x_wconf 88' lang='lat' dir='ltr'>rantes;</span> <span class='ocrx_word' id='word_1_130' title='bbox 2203 579 2650 652; x_wconf 88' lang='lat' dir='ltr'>locupletesque</span> <span class='ocrx_word' id='word_1_131' title='bbox 2679 585 2848 638; x_wconf 82' lang='lat' dir='ltr'>erent</span> <span class='ocrx_word' id='word_1_132' title='bbox 2894 581 3178 638; x_wconf 88' lang='lat' dir='ltr'>omnibus</span> <span class='ocrx_word' id='word_1_133' title='bbox 3227 582 3425 653; x_wconf 85' lang='lat' dir='ltr'>bonis,</span> <span class='ocrx_word' id='word_1_134' title='bbox 3455 597 3580 640; x_wconf 89' lang='lat' dir='ltr'>non</span> 
     </span>
    </p>
   </div>
   <div class='ocr_carea' id='block_1_22' title="bbox 1922 667 3583 728">
    <p class='ocr_par' dir='ltr' id='par_1_22' title="bbox 1922 667 3583 728">
     <span class='ocr_line' id='line_1_22' title="bbox 1922 667 3583 728; baseline 0.004 -7"><span class='ocrx_word' id='word_1_135' title='bbox 1922 667 2196 724; x_wconf 84' lang='lat' dir='ltr'>timentes</span> <span class='ocrx_word' id='word_1_136' title='bbox 2219 670 2542 724; x_wconf 81' lang='lat' dir='ltr'>exercitum</span> <span class='ocrx_word' id='word_1_137' title='bbox 2565 669 2742 726; x_wconf 85' lang='lat' dir='ltr'>ullius</span> <span class='ocrx_word' id='word_1_138' title='bbox 2762 669 3121 726; x_wconf 86' lang='lat' dir='ltr'>hostilitatis.</span> <span class='ocrx_word' id='word_1_139' title='bbox 3148 671 3394 728; x_wconf 86' lang='lat' dir='ltr'>Carolus</span> <span class='ocrx_word' id='word_1_140' title='bbox 3411 686 3583 728; x_wconf 90' lang='lat' dir='ltr'>nam-</span> 
     </span>
    </p>
   </div>
   <div class='ocr_carea' id='block_1_23' title="bbox 1923 757 3583 829">
    <p class='ocr_par' dir='ltr' id='par_1_23' title="bbox 1923 757 3583 829">
     <span class='ocr_line' id='line_1_23' title="bbox 1923 757 3583 829; baseline 0.003 -21"><span class='ocrx_word' id='word_1_141' title='bbox 1923 771 2039 826; x_wconf 89' lang='lat' dir='ltr'>que</span> <span class='ocrx_word' id='word_1_142' title='bbox 2089 772 2190 810; x_wconf 85' lang='lat' dir='ltr'>rex</span> <span class='ocrx_word' id='word_1_143' title='bbox 2248 757 2561 828; x_wconf 89' lang='lat' dir='ltr'>quondam</span> <span class='ocrx_word' id='word_1_144' title='bbox 2617 763 2882 829; x_wconf 89' lang='lat' dir='ltr'>tempore</span> <span class='ocrx_word' id='word_1_145' title='bbox 2938 759 3102 814; x_wconf 88' lang='lat' dir='ltr'>misit</span> <span class='ocrx_word' id='word_1_146' title='bbox 3157 759 3310 815; x_wconf 90' lang='lat' dir='ltr'>duos</span> <span class='ocrx_word' id='word_1_147' title='bbox 3369 759 3583 816; x_wconf 89' lang='lat' dir='ltr'>milites</span> 
     </span>
    </p>
   </div>
   <div class='ocr_carea' id='block_1_24' title="bbox 1927 843 3580 915">
    <p class='ocr_par' dir='ltr' id='par_1_24' title="bbox 1927 843 3580 915">
     <span class='ocr_line' id='line_1_24' title="bbox 1927 843 3580 915; baseline 0.003 -19"><span class='ocrx_word' id='word_1_148' title='bbox 1927 843 2095 898; x_wconf 63' lang='lat' dir='ltr'>Glslt&#39;e</span> <span class='ocrx_word' id='word_1_149' title='bbox 2140 845 2274 899; x_wconf 62' lang='lat' dir='ltr'>tiliae</span> <span class='ocrx_word' id='word_1_150' title='bbox 2324 863 2467 915; x_wconf 70' lang='lat' dir='ltr'>sum,</span> <span class='ocrx_word' id='word_1_151' title='bbox 2505 848 2778 903; x_wconf 79' lang='lat' dir='ltr'>Rotberto</span> <span class='ocrx_word' id='word_1_152' title='bbox 2825 848 2965 903; x_wconf 89' lang='lat' dir='ltr'>duci</span> <span class='ocrx_word' id='word_1_153' title='bbox 3008 849 3310 904; x_wconf 90' lang='lat' dir='ltr'>connubio</span> <span class='ocrx_word' id='word_1_154' title='bbox 3349 848 3580 904; x_wconf 64' lang='lat' dir='ltr'>vincta.</span> 
     </span>
    </p>
   </div>
   <div class='ocr_carea' id='block_1_25' title="bbox 1928 933 3585 1009">
    <p class='ocr_par' dir='ltr' id='par_1_25' title="bbox 1928 933 3585 1009">
     <span class='ocr_line' id='line_1_25' title="bbox 1928 933 3585 1009; baseline 0.005 -23"><span class='ocrx_word' id='word_1_155' title='bbox 1928 933 2082 988; x_wconf 82' lang='lat' dir='ltr'>Gisla</span> <span class='ocrx_word' id='word_1_156' title='bbox 2117 940 2314 988; x_wconf 88' lang='lat' dir='ltr'>autem</span> <span class='ocrx_word' id='word_1_157' title='bbox 2365 952 2503 991; x_wconf 89' lang='lat' dir='ltr'>cum</span> <span class='ocrx_word' id='word_1_158' title='bbox 2534 935 2775 992; x_wconf 86' lang='lat' dir='ltr'>vidisset</span> <span class='ocrx_word' id='word_1_159' title='bbox 2819 936 3036 992; x_wconf 82' lang='lat' dir='ltr'>milites</span> <span class='ocrx_word' id='word_1_160' title='bbox 3070 937 3256 1008; x_wconf 84' lang='lat' dir='ltr'>patris</span> <span class='ocrx_word' id='word_1_161' title='bbox 3287 937 3399 1004; x_wconf 86' lang='lat' dir='ltr'>sui,</span> <span class='ocrx_word' id='word_1_162' title='bbox 3432 952 3585 1009; x_wconf 89' lang='lat' dir='ltr'>qua-</span> 
     </span>
    </p>
   </div>
   <div class='ocr_carea' id='block_1_26' title="bbox 1927 1022 3587 1097">
    <p class='ocr_par' dir='ltr' id='par_1_26' title="bbox 1927 1022 3587 1097">
     <span class='ocr_line' id='line_1_26' title="bbox 1927 1022 3587 1097; baseline 0.003 -20"><span class='ocrx_word' id='word_1_163' title='bbox 1927 1022 2070 1077; x_wconf 87' lang='lat' dir='ltr'>dam</span> <span class='ocrx_word' id='word_1_164' title='bbox 2100 1022 2306 1090; x_wconf 91' lang='lat' dir='ltr'>domo,</span> <span class='ocrx_word' id='word_1_165' title='bbox 2339 1040 2412 1078; x_wconf 89' lang='lat' dir='ltr'>ne</span> <span class='ocrx_word' id='word_1_166' title='bbox 2443 1025 2786 1081; x_wconf 86' lang='lat' dir='ltr'>viderentur</span> <span class='ocrx_word' id='word_1_167' title='bbox 2814 1041 2850 1083; x_wconf 86' lang='lat' dir='ltr'>a</span> <span class='ocrx_word' id='word_1_168' title='bbox 2901 1025 3186 1082; x_wconf 87' lang='lat' dir='ltr'>Rotberto</span> <span class='ocrx_word' id='word_1_169' title='bbox 3233 1042 3344 1082; x_wconf 88' lang='lat' dir='ltr'>suo</span> <span class='ocrx_word' id='word_1_170' title='bbox 3383 1027 3587 1097; x_wconf 90' lang='lat' dir='ltr'>conju-</span> 
     </span>
    </p>
   </div>
   <div class='ocr_carea' id='block_1_27' title="bbox 1930 1112 3588 1186">
    <p class='ocr_par' dir='ltr' id='par_1_27' title="bbox 1930 1112 3588 1186">
     <span class='ocr_line' id='line_1_27' title="bbox 1930 1112 3588 1186; baseline 0.003 -21"><span class='ocrx_word' id='word_1_171' title='bbox 1930 1128 2020 1179; x_wconf 82' lang='lat' dir='ltr'>ge.</span> <span class='ocrx_word' id='word_1_172' title='bbox 2053 1112 2315 1182; x_wconf 89' lang='lat' dir='ltr'>seposuit</span> <span class='ocrx_word' id='word_1_173' title='bbox 2341 1131 2352 1178; x_wconf 91' lang='lat'>;</span> <span class='ocrx_word' id='word_1_174' title='bbox 2387 1119 2724 1186; x_wconf 90' lang='lat' dir='ltr'>cunctaque</span> <span class='ocrx_word' id='word_1_175' title='bbox 2766 1113 2930 1170; x_wconf 89' lang='lat' dir='ltr'>bona</span> <span class='ocrx_word' id='word_1_176' title='bbox 2957 1113 3069 1169; x_wconf 87' lang='lat' dir='ltr'>illis</span> <span class='ocrx_word' id='word_1_177' title='bbox 3098 1114 3380 1184; x_wconf 80' lang='lat' dir='ltr'>largiens,</span> <span class='ocrx_word' id='word_1_178' title='bbox 3409 1114 3588 1172; x_wconf 91' lang='lat' dir='ltr'>nimis</span> 
     </span>
    </p>
   </div>
   <div class='ocr_carea' id='block_1_28' title="bbox 1929 1201 3586 1260">
    <p class='ocr_par' dir='ltr' id='par_1_28' title="bbox 1929 1201 3586 1260">
     <span class='ocr_line' id='line_1_28' title="bbox 1929 1201 3586 1260; baseline 0.002 -6"><span class='ocrx_word' id='word_1_179' title='bbox 1929 1201 2032 1255; x_wconf 90' lang='lat' dir='ltr'>diu</span> <span class='ocrx_word' id='word_1_180' title='bbox 2076 1203 2296 1256; x_wconf 84' lang='lat' dir='ltr'>morari</span> <span class='ocrx_word' id='word_1_181' title='bbox 2338 1202 2489 1257; x_wconf 80' lang='lat' dir='ltr'>fecit.</span> <span class='ocrx_word' id='word_1_182' title='bbox 2527 1203 2879 1258; x_wconf 65' lang='lat' dir='ltr'>Rotbertidze</span> <span class='ocrx_word' id='word_1_183' title='bbox 2927 1204 3174 1259; x_wconf 90' lang='lat' dir='ltr'>comites</span> <span class='ocrx_word' id='word_1_184' title='bbox 3217 1204 3586 1260; x_wconf 88' lang='lat' dir='ltr'>admirantes</span> 
     </span>
    </p>
   </div>
   <div class='ocr_carea' id='block_1_29' title="bbox 1930 1291 3587 1365">
    <p class='ocr_par' dir='ltr' id='par_1_29' title="bbox 1930 1291 3587 1365">
     <span class='ocr_line' id='line_1_29' title="bbox 1930 1291 3587 1365; baseline 0.002 -20"><span class='ocrx_word' id='word_1_185' title='bbox 1930 1291 2092 1362; x_wconf 90' lang='lat' dir='ltr'>quod</span> <span class='ocrx_word' id='word_1_186' title='bbox 2143 1292 2356 1346; x_wconf 86' lang='lat' dir='ltr'>milites</span> <span class='ocrx_word' id='word_1_187' title='bbox 2404 1293 2596 1347; x_wconf 88' lang='lat' dir='ltr'>Caroli</span> <span class='ocrx_word' id='word_1_188' title='bbox 2651 1293 2808 1362; x_wconf 89' lang='lat' dir='ltr'>regis</span> <span class='ocrx_word' id='word_1_189' title='bbox 2853 1294 3148 1348; x_wconf 83' lang='lat' dir='ltr'>Rothomo</span> <span class='ocrx_word' id='word_1_190' title='bbox 3187 1299 3587 1365; x_wconf 87' lang='lat' dir='ltr'>morarentur,</span> 
     </span>
    </p>
   </div>
   <div class='ocr_carea' id='block_1_30' title="bbox 1931 1381 3590 1451">
    <p class='ocr_par' dir='ltr' id='par_1_30' title="bbox 1931 1381 3590 1451">
     <span class='ocr_line' id='line_1_30' title="bbox 1931 1381 3590 1451; baseline 0.004 -18"><span class='ocrx_word' id='word_1_191' title='bbox 1931 1386 1987 1434; x_wconf 87' lang='lat' dir='ltr'>et</span> <span class='ocrx_word' id='word_1_192' title='bbox 2018 1381 2313 1451; x_wconf 89' lang='lat' dir='ltr'>presentia</span> <span class='ocrx_word' id='word_1_193' title='bbox 2344 1382 2608 1437; x_wconf 84' lang='lat' dir='ltr'>Rotberti</span> <span class='ocrx_word' id='word_1_194' title='bbox 2658 1382 2828 1437; x_wconf 92' lang='lat' dir='ltr'>ducis</span> <span class='ocrx_word' id='word_1_195' title='bbox 2875 1399 2998 1437; x_wconf 88' lang='lat' dir='ltr'>non</span> <span class='ocrx_word' id='word_1_196' title='bbox 3029 1383 3381 1451; x_wconf 87' lang='lat' dir='ltr'>fruerentur,</span> <span class='ocrx_word' id='word_1_197' title='bbox 3410 1400 3590 1439; x_wconf 91' lang='lat' dir='ltr'>vene-</span> 
     </span>
    </p>
   </div>
   <div class='ocr_carea' id='block_1_31' title="bbox 1931 1469 3593 1543">
    <p class='ocr_par' dir='ltr' id='par_1_31' title="bbox 1931 1469 3593 1543">
     <span class='ocr_line' id='line_1_31' title="bbox 1931 1469 3593 1543; baseline 0.003 -21"><span class='ocrx_word' id='word_1_198' title='bbox 1931 1473 2070 1523; x_wconf 88' lang='lat' dir='ltr'>runt</span> <span class='ocrx_word' id='word_1_199' title='bbox 2099 1469 2176 1522; x_wconf 87' lang='lat' dir='ltr'>ad</span> <span class='ocrx_word' id='word_1_200' title='bbox 2207 1485 2366 1535; x_wconf 90' lang='lat' dir='ltr'>eum,</span> <span class='ocrx_word' id='word_1_201' title='bbox 2391 1475 2447 1524; x_wconf 92' lang='lat' dir='ltr'>et</span> <span class='ocrx_word' id='word_1_202' title='bbox 2475 1470 2754 1526; x_wconf 88' lang='lat' dir='ltr'>dixerunt</span> <span class='ocrx_word' id='word_1_203' title='bbox 2778 1489 2789 1526; x_wconf 89' lang='lat'>:</span> <span class='ocrx_word' id='word_1_204' title='bbox 2827 1494 2852 1519; x_wconf 89' lang='grc'>‹‹</span> <span class='ocrx_word' id='word_1_205' title='bbox 2881 1474 2995 1526; x_wconf 89' lang='lat' dir='ltr'>Cur</span> <span class='ocrx_word' id='word_1_206' title='bbox 3024 1471 3199 1526; x_wconf 92' lang='lat' dir='ltr'>nobis</span> <span class='ocrx_word' id='word_1_207' title='bbox 3223 1472 3384 1543; x_wconf 88' lang='lat' dir='ltr'>quod</span> <span class='ocrx_word' id='word_1_208' title='bbox 3419 1475 3593 1528; x_wconf 90' lang='lat' dir='ltr'>Caro-</span> 
     </span>
    </p>
   </div>
   <div class='ocr_carea' id='block_1_32' title="bbox 1932 1558 3588 1618">
    <p class='ocr_par' dir='ltr' id='par_1_32' title="bbox 1932 1558 3588 1618">
     <span class='ocr_line' id='line_1_32' title="bbox 1932 1558 3588 1618; baseline 0.002 -6"><span class='ocrx_word' id='word_1_209' title='bbox 1932 1559 2066 1612; x_wconf 69' lang='lat' dir='ltr'>lidzr</span> <span class='ocrx_word' id='word_1_210' title='bbox 2126 1558 2229 1613; x_wconf 85' lang='lat' dir='ltr'>tibi</span> <span class='ocrx_word' id='word_1_211' title='bbox 2278 1558 2556 1615; x_wconf 85' lang='lat' dir='ltr'>dixerunt</span> <span class='ocrx_word' id='word_1_212' title='bbox 2605 1576 2725 1618; x_wconf 88' lang='lat' dir='ltr'>non</span> <span class='ocrx_word' id='word_1_213' title='bbox 2773 1559 3181 1616; x_wconf 82' lang='lat' dir='ltr'>innotuisti‘?»</span> <span class='ocrx_word' id='word_1_214' title='bbox 3229 1561 3588 1617; x_wconf 84' lang='lat' dir='ltr'>Rotbertus:</span> 
     </span>
    </p>
   </div>
   <div class='ocr_carea' id='block_1_33' title="bbox 1937 1647 3588 1722">
    <p class='ocr_par' dir='ltr' id='par_1_33' title="bbox 1937 1647 3588 1722">
     <span class='ocr_line' id='line_1_33' title="bbox 1937 1647 3588 1722; baseline 0.003 -20"><span class='ocrx_word' id='word_1_215' title='bbox 1937 1647 2092 1702; x_wconf 77' lang='lat' dir='ltr'>«Ubi</span> <span class='ocrx_word' id='word_1_216' title='bbox 2148 1651 2283 1700; x_wconf 73' lang='lat' dir='ltr'>smt</span> <span class='ocrx_word' id='word_1_217' title='bbox 2338 1648 2522 1702; x_wconf 86' lang='lat' dir='ltr'>soceri</span> <span class='ocrx_word' id='word_1_218' title='bbox 2577 1649 2691 1702; x_wconf 90' lang='lat' dir='ltr'>mei</span> <span class='ocrx_word' id='word_1_219' title='bbox 2756 1648 3037 1716; x_wconf 85' lang='lat' dir='ltr'>legati?»</span> <span class='ocrx_word' id='word_1_220' title='bbox 3092 1651 3588 1722; x_wconf 84' lang='lat' dir='ltr'>Responderunt:</span> 
     </span>
    </p>
   </div>
   <div class='ocr_carea' id='block_1_34' title="bbox 153 1736 3597 1812">
    <p class='ocr_par' dir='ltr' id='par_1_34' title="bbox 153 1736 3597 1812">
     <span class='ocr_line' id='line_1_34' title="bbox 153 1736 3597 1812; baseline 0.001 -18"><span class='ocrx_word' id='word_1_221' title='bbox 153 1740 366 1808; x_wconf 90' lang='lat' dir='ltr'>homo,</span> <span class='ocrx_word' id='word_1_222' title='bbox 407 1739 561 1794; x_wconf 88' lang='lat' dir='ltr'>vade</span> <span class='ocrx_word' id='word_1_223' title='bbox 601 1755 761 1793; x_wconf 89' lang='lat' dir='ltr'>nunc</span> <span class='ocrx_word' id='word_1_224' title='bbox 803 1739 878 1793; x_wconf 89' lang='lat' dir='ltr'>ad</span> <span class='ocrx_word' id='word_1_225' title='bbox 930 1739 1281 1793; x_wconf 77' lang='lat' dir='ltr'>Rotbertum</span> <span class='ocrx_word' id='word_1_226' title='bbox 1321 1739 1559 1800; x_wconf 86' lang='lat' dir='ltr'>ducem,</span> <span class='ocrx_word' id='word_1_227' title='bbox 1593 1742 1647 1791; x_wconf 90' lang='lat' dir='ltr'>et</span> <span class='ocrx_word' id='word_1_228' title='bbox 1695 1737 1822 1808; x_wconf 82' lang='lat' dir='ltr'>ipse</span> <span class='ocrx_word' id='word_1_229' title='bbox 1865 1752 1908 1804; x_wconf 69' lang='grc' dir='ltr'><strong><em>Β</em></strong></span> <span class='ocrx_word' id='word_1_230' title='bbox 1940 1760 1963 1783; x_wconf 92' lang='grc'><em>‹‹</em></span> <span class='ocrx_word' id='word_1_231' title='bbox 1994 1736 2242 1791; x_wconf 89' lang='lat' dir='ltr'>Uxorius</span> <span class='ocrx_word' id='word_1_232' title='bbox 2286 1753 2372 1804; x_wconf 91' lang='lat' dir='ltr'>es,</span> <span class='ocrx_word' id='word_1_233' title='bbox 2405 1743 2460 1792; x_wconf 92' lang='lat' dir='ltr'>et</span> <span class='ocrx_word' id='word_1_234' title='bbox 2504 1737 2915 1804; x_wconf 81' lang='lat' dir='ltr'>effeminatus;</span> <span class='ocrx_word' id='word_1_235' title='bbox 2964 1739 3106 1810; x_wconf 89' lang='lat' dir='ltr'>quia</span> <span class='ocrx_word' id='word_1_236' title='bbox 3145 1744 3310 1794; x_wconf 90' lang='lat' dir='ltr'>tuam</span> <span class='ocrx_word' id='word_1_237' title='bbox 3356 1757 3597 1812; x_wconf 90' lang='lat' dir='ltr'>presen-</span> 
     </span>
    </p>
   </div>
   <div class='ocr_carea' id='block_1_35' title="bbox 156 1826 1826 1883">
    <p class='ocr_par' dir='ltr' id='par_1_35' title="bbox 156 1826 1826 1883">
     <span class='ocr_line' id='line_1_35' title="bbox 156 1826 1826 1883; baseline -0.002 -1"><span class='ocrx_word' id='word_1_238' title='bbox 156 1827 336 1883; x_wconf 82' lang='lat' dir='ltr'>faciet</span> <span class='ocrx_word' id='word_1_239' title='bbox 366 1827 481 1882; x_wconf 93' lang='lat' dir='ltr'>cito</span> <span class='ocrx_word' id='word_1_240' title='bbox 523 1831 576 1881; x_wconf 91' lang='lat' dir='ltr'>te</span> <span class='ocrx_word' id='word_1_241' title='bbox 626 1832 944 1882; x_wconf 87' lang='lat' dir='ltr'>aratorem.</span> <span class='ocrx_word' id='word_1_242' title='bbox 977 1852 1001 1873; x_wconf 88' lang='grc'>››</span> <span class='ocrx_word' id='word_1_243' title='bbox 1050 1827 1146 1880; x_wconf 88' lang='lat' dir='ltr'>Ille</span> <span class='ocrx_word' id='word_1_244' title='bbox 1179 1828 1327 1881; x_wconf 91' lang='lat' dir='ltr'>citus</span> <span class='ocrx_word' id='word_1_245' title='bbox 1372 1827 1448 1881; x_wconf 89' lang='lat' dir='ltr'>ad</span> <span class='ocrx_word' id='word_1_246' title='bbox 1483 1826 1826 1880; x_wconf 78' lang='lat' dir='ltr'>Rotbcrtum</span> 
     </span>
    </p>
   </div>
   <div class='ocr_carea' id='block_1_36' title="bbox 157 1915 1827 1987">
    <p class='ocr_par' dir='ltr' id='par_1_36' title="bbox 157 1915 1827 1987">
     <span class='ocr_line' id='line_1_36' title="bbox 157 1915 1827 1987; baseline -0.002 -16"><span class='ocrx_word' id='word_1_247' title='bbox 157 1916 442 1985; x_wconf 87' lang='lat' dir='ltr'>cucurrit,</span> <span class='ocrx_word' id='word_1_248' title='bbox 476 1921 655 1987; x_wconf 90' lang='lat' dir='ltr'>atque</span> <span class='ocrx_word' id='word_1_249' title='bbox 689 1917 1012 1971; x_wconf 90' lang='lat' dir='ltr'>commoda</span> <span class='ocrx_word' id='word_1_250' title='bbox 1041 1917 1217 1971; x_wconf 86' lang='lat' dir='ltr'>aratri</span> <span class='ocrx_word' id='word_1_251' title='bbox 1252 1916 1360 1970; x_wconf 89' lang='lat' dir='ltr'>sibi</span> <span class='ocrx_word' id='word_1_252' title='bbox 1395 1916 1644 1970; x_wconf 83' lang='lat' dir='ltr'>frustata</span> <span class='ocrx_word' id='word_1_253' title='bbox 1677 1915 1827 1968; x_wconf 89' lang='lat' dir='ltr'>duce</span> 
     </span>
    </p>
   </div>
   <div class='ocr_carea' id='block_1_37' title="bbox 158 2004 1828 2075">
    <p class='ocr_par' dir='ltr' id='par_1_37' title="bbox 158 2004 1828 2075">
     <span class='ocr_line' id='line_1_37' title="bbox 158 2004 1828 2075; baseline -0.002 -16"><span class='ocrx_word' id='word_1_254' title='bbox 158 2005 376 2060; x_wconf 87' lang='lat' dir='ltr'>retulit.</span> <span class='ocrx_word' id='word_1_255' title='bbox 415 2004 572 2059; x_wconf 90' lang='lat' dir='ltr'>Illico</span> <span class='ocrx_word' id='word_1_256' title='bbox 598 2005 914 2059; x_wconf 65' lang='lat' dir='ltr'>ltotbertus</span> <span class='ocrx_word' id='word_1_257' title='bbox 946 2021 1283 2061; x_wconf 75' lang='lat' dir='ltr'>convocans</span> <span class='ocrx_word' id='word_1_258' title='bbox 1314 2004 1643 2075; x_wconf 84' lang='lat' dir='ltr'>quemdam</span> <span class='ocrx_word' id='word_1_259' title='bbox 1676 2019 1828 2075; x_wconf 67' lang='lat' dir='ltr'>prae-</span> 
     </span>
    </p>
   </div>
   <div class='ocr_carea' id='block_1_38' title="bbox 159 2092 1832 2168">
    <p class='ocr_par' dir='ltr' id='par_1_38' title="bbox 159 2092 1832 2168">
     <span class='ocr_line' id='line_1_38' title="bbox 159 2092 1832 2168; baseline -0.002 -18"><span class='ocrx_word' id='word_1_260' title='bbox 159 2095 452 2168; x_wconf 88' lang='lat' dir='ltr'>positum,</span> <span class='ocrx_word' id='word_1_261' title='bbox 484 2094 632 2149; x_wconf 83' lang='lat' dir='ltr'>dixit</span> <span class='ocrx_word' id='word_1_262' title='bbox 659 2095 737 2149; x_wconf 88' lang='lat' dir='ltr'>ad</span> <span class='ocrx_word' id='word_1_263' title='bbox 781 2111 919 2149; x_wconf 89' lang='lat' dir='ltr'>eum</span> <span class='ocrx_word' id='word_1_264' title='bbox 953 2113 965 2149; x_wconf 94' lang='lat'>:</span> <span class='ocrx_word' id='word_1_265' title='bbox 1011 2117 1035 2142; x_wconf 88' lang='grc'>‹‹</span> <span class='ocrx_word' id='word_1_266' title='bbox 1063 2099 1140 2148; x_wconf 85' lang='lat' dir='ltr'>Da</span> <span class='ocrx_word' id='word_1_267' title='bbox 1169 2094 1436 2166; x_wconf 87' lang='lat' dir='ltr'>quinque</span> <span class='ocrx_word' id='word_1_268' title='bbox 1479 2093 1699 2147; x_wconf 85' lang='lat' dir='ltr'>solidos</span> <span class='ocrx_word' id='word_1_269' title='bbox 1739 2092 1832 2146; x_wconf 86' lang='lat' dir='ltr'>isti</span> 
     </span>
    </p>
   </div>
   <div class='ocr_carea' id='block_1_39' title="bbox 164 2181 1830 2254">
    <p class='ocr_par' dir='ltr' id='par_1_39' title="bbox 164 2181 1830 2254">
     <span class='ocr_line' id='line_1_39' title="bbox 164 2181 1830 2254; baseline -0.002 -16"><span class='ocrx_word' id='word_1_270' title='bbox 164 2183 464 2252; x_wconf 74' lang='lat' dir='ltr'>agricolae,</span> <span class='ocrx_word' id='word_1_271' title='bbox 517 2182 739 2254; x_wconf 87' lang='lat' dir='ltr'>quibus</span> <span class='ocrx_word' id='word_1_272' title='bbox 779 2183 966 2254; x_wconf 85' lang='lat' dir='ltr'>possit</span> <span class='ocrx_word' id='word_1_273' title='bbox 1017 2200 1153 2254; x_wconf 60' lang='lat' dir='ltr'>quae</span> <span class='ocrx_word' id='word_1_274' title='bbox 1206 2182 1460 2253; x_wconf 85' lang='lat' dir='ltr'>perdidit</span> <span class='ocrx_word' id='word_1_275' title='bbox 1491 2197 1706 2236; x_wconf 89' lang='lat' dir='ltr'>emere.</span> <span class='ocrx_word' id='word_1_276' title='bbox 1743 2181 1830 2234; x_wconf 92' lang='lat' dir='ltr'>&#39;lu</span> 
     </span>
    </p>
   </div>
   <div class='ocr_carea' id='block_1_40' title="bbox 164 2269 1834 2344">
    <p class='ocr_par' dir='ltr' id='par_1_40' title="bbox 164 2269 1834 2344">
     <span class='ocr_line' id='line_1_40' title="bbox 164 2269 1834 2344; baseline -0.001 -18"><span class='ocrx_word' id='word_1_277' title='bbox 164 2271 528 2344; x_wconf 82' lang='lat' dir='ltr'>quantocius</span> <span class='ocrx_word' id='word_1_278' title='bbox 561 2271 766 2327; x_wconf 89' lang='lat' dir='ltr'>villam</span> <span class='ocrx_word' id='word_1_279' title='bbox 800 2277 950 2343; x_wconf 87' lang='lat' dir='ltr'>pete,</span> <span class='ocrx_word' id='word_1_280' title='bbox 976 2277 1156 2343; x_wconf 91' lang='lat' dir='ltr'>atque</span> <span class='ocrx_word' id='word_1_281' title='bbox 1183 2277 1488 2326; x_wconf 87' lang='lat' dir='ltr'>auctorem</span> <span class='ocrx_word' id='word_1_282' title='bbox 1523 2271 1658 2325; x_wconf 88' lang='lat' dir='ltr'>t&#39;urti</span> <span class='ocrx_word' id='word_1_283' title='bbox 1689 2269 1834 2334; x_wconf 77' lang='lat' dir='ltr'>igni-</span> 
     </span>
    </p>
   </div>
   <div class='ocr_carea' id='block_1_41' title="bbox 168 2358 1832 2432">
    <p class='ocr_par' dir='ltr' id='par_1_41' title="bbox 168 2358 1832 2432">
     <span class='ocr_line' id='line_1_41' title="bbox 168 2358 1832 2432; baseline -0.002 -16"><span class='ocrx_word' id='word_1_284' title='bbox 168 2361 292 2416; x_wconf 85' lang='lat' dir='ltr'>fero</span> <span class='ocrx_word' id='word_1_285' title='bbox 315 2361 544 2431; x_wconf 88' lang='lat' dir='ltr'>judicio</span> <span class='ocrx_word' id='word_1_286' title='bbox 574 2361 827 2432; x_wconf 86' lang='lat' dir='ltr'>inquire.</span> <span class='ocrx_word' id='word_1_287' title='bbox 854 2387 879 2409; x_wconf 80' lang='grc' dir='ltr'>›ι</span> <span class='ocrx_word' id='word_1_288' title='bbox 909 2361 1144 2416; x_wconf 83' lang='lat' dir='ltr'>Villicus</span> <span class='ocrx_word' id='word_1_289' title='bbox 1168 2377 1308 2415; x_wconf 84' lang='lat' dir='ltr'>vero</span> <span class='ocrx_word' id='word_1_290' title='bbox 1334 2360 1702 2415; x_wconf 83' lang='lat' dir='ltr'>habitatores</span> <span class='ocrx_word' id='word_1_291' title='bbox 1728 2358 1832 2414; x_wconf 90' lang='lat' dir='ltr'>vil-</span> 
     </span>
    </p>
   </div>
   <div class='ocr_carea' id='block_1_42' title="bbox 170 2450 1833 2520">
    <p class='ocr_par' dir='ltr' id='par_1_42' title="bbox 170 2450 1833 2520">
     <span class='ocr_line' id='line_1_42' title="bbox 170 2450 1833 2520; baseline -0.002 -14"><span class='ocrx_word' id='word_1_292' title='bbox 170 2451 241 2506; x_wconf 68' lang='lat' dir='ltr'>lae</span> <span class='ocrx_word' id='word_1_293' title='bbox 290 2456 543 2506; x_wconf 90' lang='lat' dir='ltr'>cunctos</span> <span class='ocrx_word' id='word_1_294' title='bbox 593 2451 731 2519; x_wconf 83' lang='lat' dir='ltr'>igne</span> <span class='ocrx_word' id='word_1_295' title='bbox 778 2452 1157 2516; x_wconf 81' lang='lat' dir='ltr'>examinavit,</span> <span class='ocrx_word' id='word_1_296' title='bbox 1199 2451 1552 2520; x_wconf 87' lang='lat' dir='ltr'>nullumque</span> <span class='ocrx_word' id='word_1_297' title='bbox 1599 2450 1833 2505; x_wconf 86' lang='lat' dir='ltr'>illorum</span> 
     </span>
    </p>
   </div>
   <div class='ocr_carea' id='block_1_43' title="bbox 171 2537 1833 2609">
    <p class='ocr_par' dir='ltr' id='par_1_43' title="bbox 171 2537 1833 2609">
     <span class='ocr_line' id='line_1_43' title="bbox 171 2537 1833 2609; baseline -0.004 -16"><span class='ocrx_word' id='word_1_298' title='bbox 171 2537 309 2594; x_wconf 88' lang='lat' dir='ltr'>furti</span> <span class='ocrx_word' id='word_1_299' title='bbox 377 2556 546 2593; x_wconf 90' lang='lat' dir='ltr'>reum</span> <span class='ocrx_word' id='word_1_300' title='bbox 606 2539 928 2609; x_wconf 81' lang='lat' dir='ltr'>reperiens,</span> <span class='ocrx_word' id='word_1_301' title='bbox 985 2538 1212 2592; x_wconf 77' lang='lat' dir='ltr'>Holloni</span> <span class='ocrx_word' id='word_1_302' title='bbox 1266 2538 1404 2592; x_wconf 90' lang='lat' dir='ltr'>duci</span> <span class='ocrx_word' id='word_1_303' title='bbox 1456 2537 1833 2596; x_wconf 85' lang='lat' dir='ltr'>renuntiavit.</span> 
     </span>
    </p>
   </div>
   <div class='ocr_carea' id='block_1_44' title="bbox 172 2625 1832 2698">
    <p class='ocr_par' dir='ltr' id='par_1_44' title="bbox 172 2625 1832 2698">
     <span class='ocr_line' id='line_1_44' title="bbox 172 2625 1832 2698; baseline -0.001 -16"><span class='ocrx_word' id='word_1_304' title='bbox 172 2628 280 2694; x_wconf 87' lang='lat' dir='ltr'>Qui</span> <span class='ocrx_word' id='word_1_305' title='bbox 310 2644 651 2683; x_wconf 88' lang='lat' dir='ltr'>convocans</span> <span class='ocrx_word' id='word_1_306' title='bbox 684 2631 1049 2684; x_wconf 83' lang='lat' dir='ltr'>Franconem</span> <span class='ocrx_word' id='word_1_307' title='bbox 1083 2627 1610 2698; x_wconf 83' lang='lat' dir='ltr'>archiepiscopum</span> <span class='ocrx_word' id='word_1_308' title='bbox 1652 2625 1832 2681; x_wconf 74' lang='lat' dir='ltr'>dixit:</span> 
     </span>
    </p>
   </div>
   <div class='ocr_carea' id='block_1_45' title="bbox 175 2715 1837 2785">
    <p class='ocr_par' dir='ltr' id='par_1_45' title="bbox 175 2715 1837 2785">
     <span class='ocr_line' id='line_1_45' title="bbox 175 2715 1837 2785; baseline -0.002 -14"><span class='ocrx_word' id='word_1_309' title='bbox 175 2741 200 2764; x_wconf 87' lang='lat'><strong>«</strong></span> <span class='ocrx_word' id='word_1_310' title='bbox 222 2720 376 2772; x_wconf 89' lang='lat' dir='ltr'>Deus</span> <span class='ocrx_word' id='word_1_311' title='bbox 418 2716 902 2780; x_wconf 80' lang='lat' dir='ltr'>Christianorum,</span> <span class='ocrx_word' id='word_1_312' title='bbox 937 2716 994 2780; x_wconf 88' lang='lat' dir='ltr'>in</span> <span class='ocrx_word' id='word_1_313' title='bbox 1029 2717 1201 2785; x_wconf 88' lang='lat' dir='ltr'>cujus</span> <span class='ocrx_word' id='word_1_314' title='bbox 1230 2715 1472 2770; x_wconf 84' lang='lat' dir='ltr'>nomine</span> <span class='ocrx_word' id='word_1_315' title='bbox 1502 2715 1837 2785; x_wconf 83' lang='lat' dir='ltr'>baptizatus</span> 
     </span>
    </p>
   </div>
   <div class='ocr_carea' id='block_1_46' title="bbox 173 2804 1839 2873">
    <p class='ocr_par' dir='ltr' id='par_1_46' title="bbox 173 2804 1839 2873">
     <span class='ocr_line' id='line_1_46' title="bbox 173 2804 1839 2873; baseline -0.002 -13"><span class='ocrx_word' id='word_1_316' title='bbox 173 2823 330 2873; x_wconf 90' lang='lat' dir='ltr'>sum,</span> <span class='ocrx_word' id='word_1_317' title='bbox 367 2806 414 2860; x_wconf 92' lang='lat' dir='ltr'>si</span> <span class='ocrx_word' id='word_1_318' title='bbox 460 2810 547 2860; x_wconf 90' lang='lat' dir='ltr'>est</span> <span class='ocrx_word' id='word_1_319' title='bbox 578 2806 854 2860; x_wconf 89' lang='lat' dir='ltr'>conscius</span> <span class='ocrx_word' id='word_1_320' title='bbox 899 2822 1119 2868; x_wconf 88' lang='lat' dir='ltr'>rerum,</span> <span class='ocrx_word' id='word_1_321' title='bbox 1156 2804 1302 2860; x_wconf 87' lang='lat' dir='ltr'>mihi</span> <span class='ocrx_word' id='word_1_322' title='bbox 1332 2804 1552 2858; x_wconf 90' lang='lat' dir='ltr'>mirum</span> <span class='ocrx_word' id='word_1_323' title='bbox 1584 2820 1688 2858; x_wconf 90' lang='lat' dir='ltr'>cur</span> <span class='ocrx_word' id='word_1_324' title='bbox 1719 2819 1839 2858; x_wconf 91' lang='lat' dir='ltr'>non</span> 
     </span>
    </p>
   </div>
   <div class='ocr_carea' id='block_1_47' title="bbox 171 2891 1841 2961">
    <p class='ocr_par' dir='ltr' id='par_1_47' title="bbox 171 2891 1841 2961">
     <span class='ocr_line' id='line_1_47' title="bbox 171 2891 1841 2961; baseline -0.003 -12"><span class='ocrx_word' id='word_1_325' title='bbox 171 2893 431 2949; x_wconf 89' lang='lat' dir='ltr'>innotuit</span> <span class='ocrx_word' id='word_1_326' title='bbox 480 2910 590 2948; x_wconf 93' lang='lat' dir='ltr'>suo</span> <span class='ocrx_word' id='word_1_327' title='bbox 644 2893 890 2948; x_wconf 87' lang='lat' dir='ltr'>nomine</span> <span class='ocrx_word' id='word_1_328' title='bbox 941 2892 1078 2961; x_wconf 84' lang='lat' dir='ltr'>igne</span> <span class='ocrx_word' id='word_1_329' title='bbox 1137 2896 1425 2949; x_wconf 84' lang='lat' dir='ltr'>tentatum</span> <span class='ocrx_word' id='word_1_330' title='bbox 1479 2892 1652 2946; x_wconf 90' lang='lat' dir='ltr'>nobis</span> <span class='ocrx_word' id='word_1_331' title='bbox 1705 2891 1841 2945; x_wconf 84' lang='lat' dir='ltr'>furti</span> 
     </span>
    </p>
   </div>
   <div class='ocr_carea' id='block_1_48' title="bbox 169 2982 1841 3052">
    <p class='ocr_par' dir='ltr' id='par_1_48' title="bbox 169 2982 1841 3052">
     <span class='ocr_line' id='line_1_48' title="bbox 169 2982 1841 3052; baseline -0.003 -13"><span class='ocrx_word' id='word_1_332' title='bbox 169 3000 422 3039; x_wconf 83' lang='lat' dir='ltr'>reum.»</span> <span class='ocrx_word' id='word_1_333' title='bbox 472 2985 745 3038; x_wconf 83' lang='lat' dir='ltr'>France:</span> <span class='ocrx_word' id='word_1_334' title='bbox 796 3005 822 3032; x_wconf 83' lang='grc'>‹‹</span> <span class='ocrx_word' id='word_1_335' title='bbox 851 2982 1066 3038; x_wconf 75' lang='lat' dir='ltr'>Adhud</span> <span class='ocrx_word' id='word_1_336' title='bbox 1118 2982 1271 3047; x_wconf 81' lang='lat' dir='ltr'>ignis</span> <span class='ocrx_word' id='word_1_337' title='bbox 1313 2982 1672 3052; x_wconf 82' lang='lat' dir='ltr'>culpabilem</span> <span class='ocrx_word' id='word_1_338' title='bbox 1721 2997 1841 3040; x_wconf 88' lang='lat' dir='ltr'>non</span> 
     </span>
    </p>
   </div>
   <div class='ocr_carea' id='block_1_49' title="bbox 171 3070 1841 3142">
    <p class='ocr_par' dir='ltr' id='par_1_49' title="bbox 171 3070 1841 3142">
     <span class='ocr_line' id='line_1_49' title="bbox 171 3070 1841 3142; baseline -0.002 -14"><span class='ocrx_word' id='word_1_339' title='bbox 171 3071 382 3141; x_wconf 90' lang='lat' dir='ltr'>tetigit.</span> <span class='ocrx_word' id='word_1_340' title='bbox 414 3095 440 3120; x_wconf 82' lang='grc'><strong>››</strong></span> <span class='ocrx_word' id='word_1_341' title='bbox 491 3074 552 3126; x_wconf 86' lang='lat' dir='ltr'>Et</span> <span class='ocrx_word' id='word_1_342' title='bbox 584 3071 896 3127; x_wconf 82' lang='lat' dir='ltr'>Rotbertus</span> <span class='ocrx_word' id='word_1_343' title='bbox 937 3071 1012 3127; x_wconf 88' lang='lat' dir='ltr'>ad</span> <span class='ocrx_word' id='word_1_344' title='bbox 1046 3071 1468 3142; x_wconf 77' lang='lat' dir='ltr'>praepositum:</span> <span class='ocrx_word' id='word_1_345' title='bbox 1509 3096 1533 3120; x_wconf 68' lang='grc' dir='ltr'>ς(</span> <span class='ocrx_word' id='word_1_346' title='bbox 1556 3071 1711 3126; x_wconf 90' lang='lat' dir='ltr'>Vade</span> <span class='ocrx_word' id='word_1_347' title='bbox 1735 3070 1841 3125; x_wconf 89' lang='lat' dir='ltr'>ite-</span> 
     </span>
    </p>
   </div>
   <div class='ocr_carea' id='block_1_50' title="bbox 172 3159 1840 3228">
    <p class='ocr_par' dir='ltr' id='par_1_50' title="bbox 172 3159 1840 3228">
     <span class='ocr_line' id='line_1_50' title="bbox 172 3159 1840 3228; baseline -0.002 -11"><span class='ocrx_word' id='word_1_348' title='bbox 172 3178 311 3217; x_wconf 87' lang='lat' dir='ltr'>rum</span> <span class='ocrx_word' id='word_1_349' title='bbox 356 3165 414 3215; x_wconf 89' lang='lat' dir='ltr'>et</span> <span class='ocrx_word' id='word_1_350' title='bbox 462 3161 540 3214; x_wconf 88' lang='lat' dir='ltr'>ad</span> <span class='ocrx_word' id='word_1_351' title='bbox 587 3160 953 3218; x_wconf 86' lang='lat' dir='ltr'>habitatores</span> <span class='ocrx_word' id='word_1_352' title='bbox 999 3159 1271 3214; x_wconf 72' lang='lat' dir='ltr'>afﬁnium</span> <span class='ocrx_word' id='word_1_353' title='bbox 1307 3160 1601 3228; x_wconf 84' lang='lat' dir='ltr'>villarum,</span> <span class='ocrx_word' id='word_1_354' title='bbox 1635 3160 1692 3214; x_wconf 91' lang='lat' dir='ltr'>in</span> <span class='ocrx_word' id='word_1_355' title='bbox 1733 3175 1840 3214; x_wconf 90' lang='lat' dir='ltr'>no—</span> 
     </span>
    </p>
   </div>
   <div class='ocr_carea' id='block_1_51' title="bbox 175 3249 1840 3321">
    <p class='ocr_par' dir='ltr' id='par_1_51' title="bbox 175 3249 1840 3321">
     <span class='ocr_line' id='line_1_51' title="bbox 175 3249 1840 3321; baseline -0.004 -15"><span class='ocrx_word' id='word_1_356' title='bbox 175 3251 341 3306; x_wconf 91' lang='lat' dir='ltr'>mine</span> <span class='ocrx_word' id='word_1_357' title='bbox 368 3252 507 3304; x_wconf 91' lang='lat' dir='ltr'>Jesu</span> <span class='ocrx_word' id='word_1_358' title='bbox 537 3249 749 3306; x_wconf 86' lang='lat' dir='ltr'>Christi</span> <span class='ocrx_word' id='word_1_359' title='bbox 783 3250 1062 3304; x_wconf 77' lang='lat' dir='ltr'>examina</span> <span class='ocrx_word' id='word_1_360' title='bbox 1093 3266 1199 3320; x_wconf 89' lang='lat' dir='ltr'>per</span> <span class='ocrx_word' id='word_1_361' title='bbox 1224 3250 1379 3318; x_wconf 87' lang='lat' dir='ltr'>ignis</span> <span class='ocrx_word' id='word_1_362' title='bbox 1413 3249 1840 3321; x_wconf 75' lang='lat' dir='ltr'>supplicium.»</span> 
     </span>
    </p>
   </div>
   <div class='ocr_carea' id='block_1_52' title="bbox 176 3339 1843 3410">
    <p class='ocr_par' dir='ltr' id='par_1_52' title="bbox 176 3339 1843 3410">
     <span class='ocr_line' id='line_1_52' title="bbox 176 3339 1843 3410; baseline -0.001 -16"><span class='ocrx_word' id='word_1_363' title='bbox 176 3340 311 3406; x_wconf 83' lang='lat' dir='ltr'>Qui,</span> <span class='ocrx_word' id='word_1_364' title='bbox 341 3340 515 3410; x_wconf 89' lang='lat' dir='ltr'>jussa</span> <span class='ocrx_word' id='word_1_365' title='bbox 559 3339 869 3410; x_wconf 88' lang='lat' dir='ltr'>complens</span> <span class='ocrx_word' id='word_1_366' title='bbox 897 3339 1088 3407; x_wconf 88' lang='lat' dir='ltr'>ducis,</span> <span class='ocrx_word' id='word_1_367' title='bbox 1122 3339 1417 3394; x_wconf 88' lang='lat' dir='ltr'>intimavit</span> <span class='ocrx_word' id='word_1_368' title='bbox 1446 3339 1750 3394; x_wconf 84' lang='lat' dir='ltr'>neminem</span> <span class='ocrx_word' id='word_1_369' title='bbox 1783 3353 1843 3392; x_wconf 90' lang='lat' dir='ltr'>se</span> 
     </span>
    </p>
   </div>
   <div class='ocr_carea' id='block_1_53' title="bbox 174 3427 1848 3500">
    <p class='ocr_par' dir='ltr' id='par_1_53' title="bbox 174 3427 1848 3500">
     <span class='ocr_line' id='line_1_53' title="bbox 174 3427 1848 3500; baseline -0.002 -16"><span class='ocrx_word' id='word_1_370' title='bbox 174 3429 478 3484; x_wconf 89' lang='lat' dir='ltr'>invenisse</span> <span class='ocrx_word' id='word_1_371' title='bbox 509 3427 892 3500; x_wconf 87' lang='lat' dir='ltr'>culpabilem.</span> <span class='ocrx_word' id='word_1_372' title='bbox 937 3429 1045 3492; x_wconf 86' lang='lat' dir='ltr'>Qui</span> <span class='ocrx_word' id='word_1_373' title='bbox 1093 3433 1391 3483; x_wconf 87' lang='lat' dir='ltr'>aratorem</span> <span class='ocrx_word' id='word_1_374' title='bbox 1439 3428 1641 3483; x_wconf 86' lang='lat' dir='ltr'>statim</span> <span class='ocrx_word' id='word_1_375' title='bbox 1675 3443 1848 3482; x_wconf 87' lang='lat' dir='ltr'>voca-</span> 
     </span>
    </p>
   </div>
   <div class='ocr_carea' id='block_1_54' title="bbox 178 3517 1848 3589">
    <p class='ocr_par' dir='ltr' id='par_1_54' title="bbox 178 3517 1848 3589">
     <span class='ocr_line' id='line_1_54' title="bbox 178 3517 1848 3589; baseline -0.002 -16"><span class='ocrx_word' id='word_1_376' title='bbox 178 3519 283 3586; x_wconf 89' lang='lat' dir='ltr'>vit,</span> <span class='ocrx_word' id='word_1_377' title='bbox 317 3523 373 3572; x_wconf 91' lang='lat' dir='ltr'>et</span> <span class='ocrx_word' id='word_1_378' title='bbox 399 3517 476 3572; x_wconf 89' lang='lat' dir='ltr'>ab</span> <span class='ocrx_word' id='word_1_379' title='bbox 507 3534 578 3572; x_wconf 91' lang='lat' dir='ltr'>eo</span> <span class='ocrx_word' id='word_1_380' title='bbox 608 3517 871 3589; x_wconf 88' lang='lat' dir='ltr'>inquirit,</span> <span class='ocrx_word' id='word_1_381' title='bbox 907 3517 1002 3572; x_wconf 89' lang='lat' dir='ltr'>cui</span> <span class='ocrx_word' id='word_1_382' title='bbox 1033 3517 1197 3589; x_wconf 89' lang='lat' dir='ltr'>quod</span> <span class='ocrx_word' id='word_1_383' title='bbox 1231 3517 1660 3572; x_wconf 87' lang='lat' dir='ltr'>remansissent</span> <span class='ocrx_word' id='word_1_384' title='bbox 1685 3523 1848 3571; x_wconf 88' lang='lat' dir='ltr'>uten-</span> 
     </span>
    </p>
   </div>
   <div class='ocr_carea' id='block_1_55' title="bbox 180 3604 1842 3678">
    <p class='ocr_par' dir='ltr' id='par_1_55' title="bbox 180 3604 1842 3678">
     <span class='ocr_line' id='line_1_55' title="bbox 180 3604 1842 3678; baseline -0.001 -18"><span class='ocrx_word' id='word_1_385' title='bbox 180 3607 312 3662; x_wconf 81' lang='lat' dir='ltr'>silia</span> <span class='ocrx_word' id='word_1_386' title='bbox 341 3607 523 3662; x_wconf 87' lang='lat' dir='ltr'>aratri</span> <span class='ocrx_word' id='word_1_387' title='bbox 543 3606 604 3661; x_wconf 92' lang='lat' dir='ltr'>in</span> <span class='ocrx_word' id='word_1_388' title='bbox 633 3623 872 3678; x_wconf 88' lang='lat' dir='ltr'>campo,</span> <span class='ocrx_word' id='word_1_389' title='bbox 901 3606 1162 3664; x_wconf 81' lang='lat' dir='ltr'>dixisset.</span> <span class='ocrx_word' id='word_1_390' title='bbox 1195 3606 1471 3675; x_wconf 84' lang='lat' dir='ltr'>Agricola</span> <span class='ocrx_word' id='word_1_391' title='bbox 1498 3604 1806 3677; x_wconf 88' lang='lat' dir='ltr'>respondit</span> <span class='ocrx_word' id='word_1_392' title='bbox 1831 3622 1842 3658; x_wconf 93' lang='lat'>:</span> 
     </span>
    </p>
   </div>
   <div class='ocr_carea' id='block_1_56' title="bbox 182 3694 1843 3766">
    <p class='ocr_par' dir='ltr' id='par_1_56' title="bbox 182 3694 1843 3766">
     <span class='ocr_line' id='line_1_56' title="bbox 182 3694 1843 3766; baseline -0.003 -14"><span class='ocrx_word' id='word_1_393' title='bbox 182 3721 206 3744; x_wconf 89' lang='grc'><em>‹‹</em></span> <span class='ocrx_word' id='word_1_394' title='bbox 237 3696 436 3752; x_wconf 83' lang='lat' dir='ltr'>Uxori.</span> <span class='ocrx_word' id='word_1_395' title='bbox 463 3721 488 3745; x_wconf 82' lang='lat' dir='ltr'>n</span> <span class='ocrx_word' id='word_1_396' title='bbox 523 3698 661 3760; x_wconf 83' lang='lat' dir='ltr'>Quae</span> <span class='ocrx_word' id='word_1_397' title='bbox 690 3700 905 3752; x_wconf 89' lang='lat' dir='ltr'>vocata</span> <span class='ocrx_word' id='word_1_398' title='bbox 936 3696 1114 3762; x_wconf 88' lang='lat' dir='ltr'>venit,</span> <span class='ocrx_word' id='word_1_399' title='bbox 1140 3696 1384 3766; x_wconf 84' lang='lat' dir='ltr'>duxque</span> <span class='ocrx_word' id='word_1_400' title='bbox 1412 3695 1489 3750; x_wconf 92' lang='lat' dir='ltr'>ad</span> <span class='ocrx_word' id='word_1_401' title='bbox 1513 3712 1646 3750; x_wconf 90' lang='lat' dir='ltr'>eam</span> <span class='ocrx_word' id='word_1_402' title='bbox 1669 3694 1843 3749; x_wconf 81' lang='lat' dir='ltr'>dixit:</span> 
     </span>
    </p>
   </div>
   <div class='ocr_carea' id='block_1_57' title="bbox 183 3784 1846 3858">
    <p class='ocr_par' dir='ltr' id='par_1_57' title="bbox 183 3784 1846 3858">
     <span class='ocr_line' id='line_1_57' title="bbox 183 3784 1846 3858; baseline -0.001 -18"><span class='ocrx_word' id='word_1_403' title='bbox 183 3787 388 3852; x_wconf 74' lang='lat' dir='ltr'>«Quid</span> <span class='ocrx_word' id='word_1_404' title='bbox 437 3786 512 3842; x_wconf 85' lang='lat' dir='ltr'>de</span> <span class='ocrx_word' id='word_1_405' title='bbox 543 3802 788 3842; x_wconf 86' lang='lat' dir='ltr'>vomere</span> <span class='ocrx_word' id='word_1_406' title='bbox 830 3786 1139 3858; x_wconf 88' lang='lat' dir='ltr'>cultroque</span> <span class='ocrx_word' id='word_1_407' title='bbox 1188 3786 1384 3842; x_wconf 88' lang='lat' dir='ltr'>mariti</span> <span class='ocrx_word' id='word_1_408' title='bbox 1436 3785 1517 3841; x_wconf 90' lang='lat' dir='ltr'>tui</span> <span class='ocrx_word' id='word_1_409' title='bbox 1561 3784 1846 3840; x_wconf 82' lang='lat' dir='ltr'>fecisti?»</span> 
     </span>
    </p>
   </div>
   <div class='ocr_carea' id='block_1_58' title="bbox 184 3872 1849 3945">
    <p class='ocr_par' dir='ltr' id='par_1_58' title="bbox 184 3872 1849 3945">
     <span class='ocr_line' id='line_1_58' title="bbox 184 3872 1849 3945; baseline -0.002 -14"><span class='ocrx_word' id='word_1_410' title='bbox 184 3876 286 3931; x_wconf 89' lang='lat' dir='ltr'>Illa</span> <span class='ocrx_word' id='word_1_411' title='bbox 317 3891 379 3930; x_wconf 93' lang='lat' dir='ltr'>se</span> <span class='ocrx_word' id='word_1_412' title='bbox 409 3891 533 3930; x_wconf 91' lang='lat' dir='ltr'>non</span> <span class='ocrx_word' id='word_1_413' title='bbox 562 3875 844 3930; x_wconf 86' lang='lat' dir='ltr'>habuisse</span> <span class='ocrx_word' id='word_1_414' title='bbox 876 3875 1134 3943; x_wconf 83' lang='lat' dir='ltr'>negavit.</span> <span class='ocrx_word' id='word_1_415' title='bbox 1180 3876 1318 3940; x_wconf 70' lang='lat' dir='ltr'>Quae</span> <span class='ocrx_word' id='word_1_416' title='bbox 1351 3874 1546 3945; x_wconf 88' lang='lat' dir='ltr'>scopis</span> <span class='ocrx_word' id='word_1_417' title='bbox 1577 3872 1849 3928; x_wconf 90' lang='lat' dir='ltr'>diverbe-</span> 
     </span>
    </p>
   </div>
   <div class='ocr_carea' id='block_1_59' title="bbox 183 3961 1851 4020">
    <p class='ocr_par' dir='ltr' id='par_1_59' title="bbox 183 3961 1851 4020">
     <span class='ocr_line' id='line_1_59' title="bbox 183 3961 1851 4020; baseline -0.002 0"><span class='ocrx_word' id='word_1_418' title='bbox 183 3969 317 4020; x_wconf 89' lang='lat' dir='ltr'>rata</span> <span class='ocrx_word' id='word_1_419' title='bbox 340 3963 526 4019; x_wconf 89' lang='lat' dir='ltr'>ﬁdem</span> <span class='ocrx_word' id='word_1_420' title='bbox 560 3963 695 4019; x_wconf 88' lang='lat' dir='ltr'>furti</span> <span class='ocrx_word' id='word_1_421' title='bbox 721 3963 1006 4018; x_wconf 88' lang='lat' dir='ltr'>omnibus</span> <span class='ocrx_word' id='word_1_422' title='bbox 1036 3963 1186 4019; x_wconf 87' lang='lat' dir='ltr'>fecit.</span> <span class='ocrx_word' id='word_1_423' title='bbox 1235 3967 1395 4018; x_wconf 91' lang='lat' dir='ltr'>Tunc</span> <span class='ocrx_word' id='word_1_424' title='bbox 1428 3963 1743 4018; x_wconf 76' lang='lat' dir='ltr'>Rotbertus</span> <span class='ocrx_word' id='word_1_425' title='bbox 1774 3961 1851 4017; x_wconf 87' lang='lat' dir='ltr'>ad</span> 
     </span>
    </p>
   </div>
   <div class='ocr_carea' id='block_1_60' title="bbox 182 4051 1851 4110">
    <p class='ocr_par' dir='ltr' id='par_1_60' title="bbox 182 4051 1851 4110">
     <span class='ocr_line' id='line_1_60' title="bbox 182 4051 1851 4110; baseline -0.003 0"><span class='ocrx_word' id='word_1_426' title='bbox 182 4054 511 4110; x_wconf 89' lang='lat' dir='ltr'>maritum:</span> <span class='ocrx_word' id='word_1_427' title='bbox 565 4054 850 4110; x_wconf 87' lang='lat' dir='ltr'>«Sciebas</span> <span class='ocrx_word' id='word_1_428' title='bbox 897 4057 1065 4108; x_wconf 88' lang='lat' dir='ltr'>tuam</span> <span class='ocrx_word' id='word_1_429' title='bbox 1105 4069 1354 4108; x_wconf 82' lang='lat' dir='ltr'>uxorem</span> <span class='ocrx_word' id='word_1_430' title='bbox 1396 4069 1526 4107; x_wconf 87' lang='lat' dir='ltr'>esse</span> <span class='ocrx_word' id='word_1_431' title='bbox 1556 4051 1797 4107; x_wconf 86' lang='lat' dir='ltr'>furem?</span> <span class='ocrx_word' id='word_1_432' title='bbox 1824 4073 1851 4100; x_wconf 87' lang='grc'><strong>››</strong></span> 
     </span>
    </p>
   </div>
   <div class='ocr_carea' id='block_1_61' title="bbox 184 4140 1852 4200">
    <p class='ocr_par' dir='ltr' id='par_1_61' title="bbox 184 4140 1852 4200">
     <span class='ocr_line' id='line_1_61' title="bbox 184 4140 1852 4200; baseline -0.002 -2"><span class='ocrx_word' id='word_1_433' title='bbox 184 4144 290 4199; x_wconf 89' lang='lat' dir='ltr'>Cui</span> <span class='ocrx_word' id='word_1_434' title='bbox 320 4143 452 4198; x_wconf 88' lang='lat' dir='ltr'>ille:</span> <span class='ocrx_word' id='word_1_435' title='bbox 485 4165 511 4192; x_wconf 83' lang='lat'><strong>«</strong></span> <span class='ocrx_word' id='word_1_436' title='bbox 534 4143 826 4199; x_wconf 89' lang='lat' dir='ltr'>Sciebam.</span> <span class='ocrx_word' id='word_1_437' title='bbox 853 4166 879 4192; x_wconf 89' lang='grc'><strong>››</strong></span> <span class='ocrx_word' id='word_1_438' title='bbox 923 4145 990 4198; x_wconf 88' lang='lat' dir='ltr'>Et</span> <span class='ocrx_word' id='word_1_439' title='bbox 1018 4143 1369 4200; x_wconf 83' lang='lat' dir='ltr'>Rotbertus:</span> <span class='ocrx_word' id='word_1_440' title='bbox 1423 4140 1716 4197; x_wconf 83' lang='lat' dir='ltr'>«Duobus</span> <span class='ocrx_word' id='word_1_441' title='bbox 1747 4141 1852 4195; x_wconf 88' lang='lat' dir='ltr'>de-</span> 
     </span>
    </p>
   </div>
   <div class='ocr_carea' id='block_1_62' title="bbox 184 4229 1854 4302">
    <p class='ocr_par' dir='ltr' id='par_1_62' title="bbox 184 4229 1854 4302">
     <span class='ocr_line' id='line_1_62' title="bbox 184 4229 1854 4302; baseline -0.003 -14"><span class='ocrx_word' id='word_1_442' title='bbox 184 4233 361 4288; x_wconf 90' lang='lat' dir='ltr'>cretis</span> <span class='ocrx_word' id='word_1_443' title='bbox 391 4231 570 4301; x_wconf 87' lang='lat' dir='ltr'>digne</span> <span class='ocrx_word' id='word_1_444' title='bbox 619 4231 910 4301; x_wconf 87' lang='lat' dir='ltr'>morieris,</span> <span class='ocrx_word' id='word_1_445' title='bbox 958 4247 1101 4297; x_wconf 87' lang='lat' dir='ltr'>uno,</span> <span class='ocrx_word' id='word_1_446' title='bbox 1135 4230 1302 4302; x_wconf 90' lang='lat' dir='ltr'>quod</span> <span class='ocrx_word' id='word_1_447' title='bbox 1346 4230 1546 4302; x_wconf 88' lang='lat' dir='ltr'>capud</span> <span class='ocrx_word' id='word_1_448' title='bbox 1589 4229 1854 4285; x_wconf 89' lang='lat' dir='ltr'>mulieris</span> 
     </span>
    </p>
   </div>
   <div class='ocr_carea' id='block_1_63' title="bbox 183 4319 1857 4391">
    <p class='ocr_par' dir='ltr' id='par_1_63' title="bbox 183 4319 1857 4391">
     <span class='ocr_line' id='line_1_63' title="bbox 183 4319 1857 4391; baseline -0.003 -14"><span class='ocrx_word' id='word_1_449' title='bbox 183 4338 268 4391; x_wconf 86' lang='lat' dir='ltr'>es,</span> <span class='ocrx_word' id='word_1_450' title='bbox 298 4325 358 4377; x_wconf 89' lang='lat' dir='ltr'>et</span> <span class='ocrx_word' id='word_1_451' title='bbox 401 4337 536 4376; x_wconf 91' lang='lat' dir='ltr'>eam</span> <span class='ocrx_word' id='word_1_452' title='bbox 567 4321 856 4390; x_wconf 89' lang='lat' dir='ltr'>castigare</span> <span class='ocrx_word' id='word_1_453' title='bbox 888 4319 1164 4376; x_wconf 84' lang='lat' dir='ltr'>debuisti.</span> <span class='ocrx_word' id='word_1_454' title='bbox 1209 4319 1424 4386; x_wconf 77' lang='lat' dir='ltr'>Altero,</span> <span class='ocrx_word' id='word_1_455' title='bbox 1458 4319 1624 4391; x_wconf 87' lang='lat' dir='ltr'>quod</span> <span class='ocrx_word' id='word_1_456' title='bbox 1652 4334 1857 4376; x_wconf 86' lang='lat' dir='ltr'>assen-</span> 
     </span>
    </p>
   </div>
   <div class='ocr_carea' id='block_1_64' title="bbox 185 4408 1854 4477">
    <p class='ocr_par' dir='ltr' id='par_1_64' title="bbox 185 4408 1854 4477">
     <span class='ocr_line' id='line_1_64' title="bbox 185 4408 1854 4477; baseline -0.002 -12"><span class='ocrx_word' id='word_1_457' title='bbox 185 4427 286 4466; x_wconf 87' lang='lat' dir='ltr'>sor</span> <span class='ocrx_word' id='word_1_458' title='bbox 315 4409 456 4465; x_wconf 86' lang='lat' dir='ltr'>furti</span> <span class='ocrx_word' id='word_1_459' title='bbox 476 4409 655 4477; x_wconf 90' lang='lat' dir='ltr'>fuisti,</span> <span class='ocrx_word' id='word_1_460' title='bbox 682 4414 737 4464; x_wconf 90' lang='lat' dir='ltr'>et</span> <span class='ocrx_word' id='word_1_461' title='bbox 757 4409 1020 4464; x_wconf 88' lang='lat' dir='ltr'>indicare</span> <span class='ocrx_word' id='word_1_462' title='bbox 1047 4408 1305 4463; x_wconf 90' lang='lat' dir='ltr'>noluisti.</span> <span class='ocrx_word' id='word_1_463' title='bbox 1330 4432 1357 4457; x_wconf 86' lang='grc'>››</span> <span class='ocrx_word' id='word_1_464' title='bbox 1392 4408 1600 4464; x_wconf 87' lang='lat' dir='ltr'>Statim</span> <span class='ocrx_word' id='word_1_465' title='bbox 1621 4412 1854 4462; x_wconf 88' lang='lat' dir='ltr'>utrum-</span> 
     </span>
    </p>
   </div>
   <div class='ocr_carea' id='block_1_65' title="bbox 183 4495 1852 4571">
    <p class='ocr_par' dir='ltr' id='par_1_65' title="bbox 183 4495 1852 4571">
     <span class='ocr_line' id='line_1_65' title="bbox 183 4495 1852 4571; baseline -0.002 -17"><span class='ocrx_word' id='word_1_466' title='bbox 183 4515 305 4571; x_wconf 86' lang='lat' dir='ltr'>que</span> <span class='ocrx_word' id='word_1_467' title='bbox 338 4499 556 4571; x_wconf 89' lang='lat' dir='ltr'>laqueo</span> <span class='ocrx_word' id='word_1_468' title='bbox 587 4498 720 4554; x_wconf 87' lang='lat' dir='ltr'>fecit</span> <span class='ocrx_word' id='word_1_469' title='bbox 752 4498 1058 4570; x_wconf 90' lang='lat' dir='ltr'>suspendi,</span> <span class='ocrx_word' id='word_1_470' title='bbox 1083 4497 1429 4568; x_wconf 88' lang='lat' dir='ltr'>crudelique</span> <span class='ocrx_word' id='word_1_471' title='bbox 1456 4500 1645 4552; x_wconf 88' lang='lat' dir='ltr'>morte</span> <span class='ocrx_word' id='word_1_472' title='bbox 1676 4495 1852 4550; x_wconf 83' lang='lat' dir='ltr'>ﬁniri.</span> 
     </span>
    </p>
   </div>
   <div class='ocr_carea' id='block_1_66' title="bbox 183 4584 1857 4658">
    <p class='ocr_par' dir='ltr' id='par_1_66' title="bbox 183 4584 1857 4658">
     <span class='ocr_line' id='line_1_66' title="bbox 183 4584 1857 4658; baseline -0.002 -17"><span class='ocrx_word' id='word_1_473' title='bbox 183 4588 311 4644; x_wconf 87' lang='lat' dir='ltr'>Hoc</span> <span class='ocrx_word' id='word_1_474' title='bbox 347 4587 643 4658; x_wconf 89' lang='lat' dir='ltr'>judicium</span> <span class='ocrx_word' id='word_1_475' title='bbox 677 4588 956 4642; x_wconf 82' lang='lat' dir='ltr'>exterruit</span> <span class='ocrx_word' id='word_1_476' title='bbox 985 4586 1351 4642; x_wconf 88' lang='lat' dir='ltr'>habitatores</span> <span class='ocrx_word' id='word_1_477' title='bbox 1397 4591 1584 4642; x_wconf 54' lang='lat' dir='ltr'>terra}.</span> <span class='ocrx_word' id='word_1_478' title='bbox 1628 4584 1857 4641; x_wconf 82' lang='lat' dir='ltr'>Nullus-</span> 
     </span>
    </p>
   </div>
   <div class='ocr_carea' id='block_1_67' title="bbox 183 4674 1856 4751">
    <p class='ocr_par' dir='ltr' id='par_1_67' title="bbox 183 4674 1856 4751">
     <span class='ocr_line' id='line_1_67' title="bbox 183 4674 1856 4751; baseline -0.004 -18"><span class='ocrx_word' id='word_1_479' title='bbox 183 4694 306 4751; x_wconf 91' lang='lat' dir='ltr'>que</span> <span class='ocrx_word' id='word_1_480' title='bbox 339 4693 525 4732; x_wconf 88' lang='lat' dir='ltr'>ausus</span> <span class='ocrx_word' id='word_1_481' title='bbox 555 4681 646 4732; x_wconf 89' lang='lat' dir='ltr'>est</span> <span class='ocrx_word' id='word_1_482' title='bbox 675 4682 889 4748; x_wconf 86' lang='lat' dir='ltr'>postea</span> <span class='ocrx_word' id='word_1_483' title='bbox 918 4675 1122 4743; x_wconf 84' lang='lat' dir='ltr'>furari,</span> <span class='ocrx_word' id='word_1_484' title='bbox 1154 4675 1250 4730; x_wconf 91' lang='lat' dir='ltr'>vel</span> <span class='ocrx_word' id='word_1_485' title='bbox 1277 4674 1637 4732; x_wconf 87' lang='lat' dir='ltr'>latrocinari.</span> <span class='ocrx_word' id='word_1_486' title='bbox 1667 4679 1856 4744; x_wconf 80' lang='lat' dir='ltr'>Atque</span> 
     </span>
    </p>
   </div>
   <div class='ocr_carea' id='block_1_68' title="bbox 186 4763 1856 4839">
    <p class='ocr_par' dir='ltr' id='par_1_68' title="bbox 186 4763 1856 4839">
     <span class='ocr_line' id='line_1_68' title="bbox 186 4763 1856 4839; baseline -0.004 -17"><span class='ocrx_word' id='word_1_487' title='bbox 186 4768 276 4823; x_wconf 91' lang='lat' dir='ltr'>sic</span> <span class='ocrx_word' id='word_1_488' title='bbox 307 4765 534 4839; x_wconf 87' lang='lat' dir='ltr'>quievit</span> <span class='ocrx_word' id='word_1_489' title='bbox 553 4770 710 4822; x_wconf 88' lang='lat' dir='ltr'>terra</span> <span class='ocrx_word' id='word_1_490' title='bbox 733 4781 928 4822; x_wconf 87' lang='lat' dir='ltr'>vacua</span> <span class='ocrx_word' id='word_1_491' title='bbox 949 4764 1181 4820; x_wconf 90' lang='lat' dir='ltr'>furibus</span> <span class='ocrx_word' id='word_1_492' title='bbox 1212 4768 1270 4820; x_wconf 91' lang='lat' dir='ltr'>et</span> <span class='ocrx_word' id='word_1_493' title='bbox 1297 4763 1650 4830; x_wconf 85' lang='lat' dir='ltr'>latronibus,</span> <span class='ocrx_word' id='word_1_494' title='bbox 1677 4766 1856 4834; x_wconf 84' lang='lat' dir='ltr'>atque</span> 
     </span>
    </p>
   </div>
   <div class='ocr_carea' id='block_1_69' title="bbox 188 4852 1315 4920">
    <p class='ocr_par' dir='ltr' id='par_1_69' title="bbox 188 4852 1315 4920">
     <span class='ocr_line' id='line_1_69' title="bbox 188 4852 1315 4920; baseline -0.003 -9"><span class='ocrx_word' id='word_1_495' title='bbox 188 4855 354 4912; x_wconf 88' lang='lat' dir='ltr'>siluit</span> <span class='ocrx_word' id='word_1_496' title='bbox 381 4854 616 4920; x_wconf 89' lang='lat' dir='ltr'>privata</span> <span class='ocrx_word' id='word_1_497' title='bbox 645 4853 876 4918; x_wconf 83' lang='lat' dir='ltr'>cunctis</span> <span class='ocrx_word' id='word_1_498' title='bbox 901 4852 1315 4919; x_wconf 82' lang='lat' dir='ltr'>seditiombus.</span> 
     </span>
    </p>
   </div>
   <div class='ocr_carea' id='block_1_70' title="bbox 1936 1827 3598 1902">
    <p class='ocr_par' dir='ltr' id='par_1_70' title="bbox 1936 1827 3598 1902">
     <span class='ocr_line' id='line_1_70' title="bbox 1936 1827 3598 1902; baseline 0.002 -18"><span class='ocrx_word' id='word_1_499' title='bbox 1936 1828 2076 1884; x_wconf 79' lang='lat' dir='ltr'>tiam</span> <span class='ocrx_word' id='word_1_500' title='bbox 2112 1827 2386 1897; x_wconf 85' lang='lat' dir='ltr'>vitantes,</span> <span class='ocrx_word' id='word_1_501' title='bbox 2421 1829 2591 1883; x_wconf 90' lang='lat' dir='ltr'>uxori</span> <span class='ocrx_word' id='word_1_502' title='bbox 2626 1834 2741 1883; x_wconf 67' lang='lat' dir='ltr'>tua:</span> <span class='ocrx_word' id='word_1_503' title='bbox 2774 1830 3062 1884; x_wconf 79' lang='lat' dir='ltr'>adsunt.»</span> <span class='ocrx_word' id='word_1_504' title='bbox 3112 1831 3395 1887; x_wconf 90' lang='lat' dir='ltr'>Dicebant</span> <span class='ocrx_word' id='word_1_505' title='bbox 3419 1831 3598 1902; x_wconf 87' lang='lat' dir='ltr'>igitur</span> 
     </span>
    </p>
   </div>
   <div class='ocr_carea' id='block_1_71' title="bbox 1937 1916 3596 1993">
    <p class='ocr_par' dir='ltr' id='par_1_71' title="bbox 1937 1916 3596 1993">
     <span class='ocr_line' id='line_1_71' title="bbox 1937 1916 3596 1993; baseline 0.004 -24"><span class='ocrx_word' id='word_1_506' title='bbox 1937 1916 2288 1971; x_wconf 85' lang='lat' dir='ltr'>Rotbertum</span> <span class='ocrx_word' id='word_1_507' title='bbox 2341 1933 2476 1972; x_wconf 88' lang='lat' dir='ltr'>eam</span> <span class='ocrx_word' id='word_1_508' title='bbox 2536 1934 2656 1972; x_wconf 91' lang='lat' dir='ltr'>non</span> <span class='ocrx_word' id='word_1_509' title='bbox 2715 1919 3070 1987; x_wconf 88' lang='lat' dir='ltr'>cognovisse</span> <span class='ocrx_word' id='word_1_510' title='bbox 3134 1920 3387 1975; x_wconf 87' lang='lat' dir='ltr'>maritali</span> <span class='ocrx_word' id='word_1_511' title='bbox 3442 1920 3596 1993; x_wconf 84' lang='lat' dir='ltr'>lege,</span> 
     </span>
    </p>
   </div>
   <div class='ocr_carea' id='block_1_72' title="bbox 1939 2005 3596 2076">
    <p class='ocr_par' dir='ltr' id='par_1_72' title="bbox 1939 2005 3596 2076">
     <span class='ocr_line' id='line_1_72' title="bbox 1939 2005 3596 2076; baseline 0.004 -17"><span class='ocrx_word' id='word_1_512' title='bbox 1939 2005 2256 2076; x_wconf 90' lang='lat' dir='ltr'>statimque</span> <span class='ocrx_word' id='word_1_513' title='bbox 2285 2005 2404 2060; x_wconf 84' lang='lat' dir='ltr'>dux</span> <span class='ocrx_word' id='word_1_514' title='bbox 2437 2006 2525 2061; x_wconf 89' lang='lat' dir='ltr'>ira</span> <span class='ocrx_word' id='word_1_515' title='bbox 2557 2012 2915 2072; x_wconf 90' lang='lat' dir='ltr'>commotus,</span> <span class='ocrx_word' id='word_1_516' title='bbox 2950 2008 3172 2062; x_wconf 88' lang='lat' dir='ltr'>tirones</span> <span class='ocrx_word' id='word_1_517' title='bbox 3219 2026 3342 2064; x_wconf 65' lang='lat' dir='ltr'>suae</span> <span class='ocrx_word' id='word_1_518' title='bbox 3374 2009 3596 2065; x_wconf 89' lang='lat' dir='ltr'>domus</span> 
     </span>
    </p>
   </div>
   <div class='ocr_carea' id='block_1_73' title="bbox 1938 2094 3599 2166">
    <p class='ocr_par' dir='ltr' id='par_1_73' title="bbox 1938 2094 3599 2166">
     <span class='ocr_line' id='line_1_73' title="bbox 1938 2094 3599 2166; baseline 0.003 -18"><span class='ocrx_word' id='word_1_519' title='bbox 1938 2094 2072 2149; x_wconf 88' lang='lat' dir='ltr'>fecit</span> <span class='ocrx_word' id='word_1_520' title='bbox 2120 2094 2449 2149; x_wconf 83' lang='lat' dir='ltr'>absconsos</span> <span class='ocrx_word' id='word_1_521' title='bbox 2499 2096 2950 2166; x_wconf 87' lang='lat' dir='ltr'>comprehendi,</span> <span class='ocrx_word' id='word_1_522' title='bbox 2984 2101 3040 2151; x_wconf 92' lang='lat' dir='ltr'>et</span> <span class='ocrx_word' id='word_1_523' title='bbox 3069 2097 3145 2151; x_wconf 89' lang='lat' dir='ltr'>ad</span> <span class='ocrx_word' id='word_1_524' title='bbox 3177 2097 3373 2152; x_wconf 91' lang='lat' dir='ltr'>forum</span> <span class='ocrx_word' id='word_1_525' title='bbox 3395 2098 3599 2153; x_wconf 86' lang='lat' dir='ltr'>venia-</span> 
     </span>
    </p>
   </div>
   <div class='ocr_carea' id='block_1_74' title="bbox 1937 2175 3604 2257">
    <p class='ocr_par' dir='ltr' id='par_1_74' title="bbox 1937 2175 3604 2257">
     <span class='ocr_line' id='line_1_74' title="bbox 1937 2175 3604 2257; baseline 0.002 -19"><span class='ocrx_word' id='word_1_526' title='bbox 1937 2182 2086 2238; x_wconf 91' lang='lat' dir='ltr'>lium</span> <span class='ocrx_word' id='word_1_527' title='bbox 2116 2199 2314 2238; x_wconf 89' lang='lat' dir='ltr'>rerum</span> <span class='ocrx_word' id='word_1_528' title='bbox 2339 2184 2498 2248; x_wconf 90' lang='lat' dir='ltr'>duci,</span> <span class='ocrx_word' id='word_1_529' title='bbox 2525 2184 2726 2256; x_wconf 88' lang='lat' dir='ltr'>ibique</span> <span class='ocrx_word' id='word_1_530' title='bbox 2754 2184 3146 2242; x_wconf 79' lang='lat' dir='ltr'>concurrente</span> <span class='ocrx_word' id='word_1_531' title='bbox 3175 2175 3346 2257; x_wconf 81' lang='lat' dir='ltr'>plebe</span> <span class='ocrx_word' id='word_1_532' title='bbox 3366 2187 3604 2257; x_wconf 85' lang='lat' dir='ltr'>jugula-</span> 
     </span>
    </p>
   </div>
   <div class='ocr_carea' id='block_1_75' title="bbox 1939 2272 3601 2346">
    <p class='ocr_par' dir='ltr' id='par_1_75' title="bbox 1939 2272 3601 2346">
     <span class='ocr_line' id='line_1_75' title="bbox 1939 2272 3601 2346; baseline 0.002 -20"><span class='ocrx_word' id='word_1_533' title='bbox 1939 2272 2007 2326; x_wconf 89' lang='lat' dir='ltr'>ri.</span> <span class='ocrx_word' id='word_1_534' title='bbox 2060 2272 2321 2327; x_wconf 83' lang='lat' dir='ltr'>Audiens</span> <span class='ocrx_word' id='word_1_535' title='bbox 2388 2278 2590 2329; x_wconf 89' lang='lat' dir='ltr'>autem</span> <span class='ocrx_word' id='word_1_536' title='bbox 2653 2273 2970 2330; x_wconf 86' lang='lat' dir='ltr'>Rotbertus</span> <span class='ocrx_word' id='word_1_537' title='bbox 3029 2274 3154 2330; x_wconf 87' lang='lat' dir='ltr'>dux</span> <span class='ocrx_word' id='word_1_538' title='bbox 3217 2278 3601 2346; x_wconf 86' lang='lat' dir='ltr'>Francorum,</span> 
     </span>
    </p>
   </div>
   <div class='ocr_carea' id='block_1_76' title="bbox 1941 2362 3605 2437">
    <p class='ocr_par' dir='ltr' id='par_1_76' title="bbox 1941 2362 3605 2437">
     <span class='ocr_line' id='line_1_76' title="bbox 1941 2362 3605 2437; baseline 0.002 -21"><span class='ocrx_word' id='word_1_539' title='bbox 1941 2362 2105 2434; x_wconf 87' lang='lat' dir='ltr'>quod</span> <span class='ocrx_word' id='word_1_540' title='bbox 2153 2378 2261 2432; x_wconf 89' lang='lat' dir='ltr'>pro</span> <span class='ocrx_word' id='word_1_541' title='bbox 2315 2378 2458 2417; x_wconf 90' lang='lat' dir='ltr'>nece</span> <span class='ocrx_word' id='word_1_542' title='bbox 2505 2364 2764 2418; x_wconf 90' lang='lat' dir='ltr'>duorum</span> <span class='ocrx_word' id='word_1_543' title='bbox 2796 2364 3078 2431; x_wconf 88' lang='lat' dir='ltr'>militum,</span> <span class='ocrx_word' id='word_1_544' title='bbox 3111 2363 3399 2434; x_wconf 64' lang='lat' dir='ltr'>colligatis</span> <span class='ocrx_word' id='word_1_545' title='bbox 3439 2365 3605 2437; x_wconf 83' lang='lat' dir='ltr'>pacis</span> 
     </span>
    </p>
   </div>
   <div class='ocr_carea' id='block_1_77' title="bbox 1943 2452 3605 2520">
    <p class='ocr_par' dir='ltr' id='par_1_77' title="bbox 1943 2452 3605 2520">
     <span class='ocr_line' id='line_1_77' title="bbox 1943 2452 3605 2520; baseline 0.002 -13"><span class='ocrx_word' id='word_1_546' title='bbox 1943 2452 2092 2507; x_wconf 89' lang='lat' dir='ltr'>inter</span> <span class='ocrx_word' id='word_1_547' title='bbox 2122 2469 2324 2520; x_wconf 82' lang='lat' dir='ltr'>regem</span> <span class='ocrx_word' id='word_1_548' title='bbox 2375 2458 2429 2507; x_wconf 91' lang='lat' dir='ltr'>et</span> <span class='ocrx_word' id='word_1_549' title='bbox 2480 2453 2805 2509; x_wconf 84' lang='lat' dir='ltr'>Robertum</span> <span class='ocrx_word' id='word_1_550' title='bbox 2855 2457 3362 2510; x_wconf 85' lang='lat' dir='ltr'>Nortmannorum</span> <span class='ocrx_word' id='word_1_551' title='bbox 3387 2455 3605 2511; x_wconf 91' lang='lat' dir='ltr'>ducem</span> 
     </span>
    </p>
   </div>
   <div class='ocr_carea' id='block_1_78' title="bbox 1943 2541 3608 2614">
    <p class='ocr_par' dir='ltr' id='par_1_78' title="bbox 1943 2541 3608 2614">
     <span class='ocr_line' id='line_1_78' title="bbox 1943 2541 3608 2614; baseline 0.002 -19"><span class='ocrx_word' id='word_1_552' title='bbox 1943 2541 2180 2595; x_wconf 91' lang='lat' dir='ltr'>vincula</span> <span class='ocrx_word' id='word_1_553' title='bbox 2242 2541 2438 2596; x_wconf 87' lang='lat' dir='ltr'>soluta</span> <span class='ocrx_word' id='word_1_554' title='bbox 2491 2541 2854 2613; x_wconf 89' lang='lat' dir='ltr'>diruptaque</span> <span class='ocrx_word' id='word_1_555' title='bbox 2904 2547 3122 2604; x_wconf 88' lang='lat' dir='ltr'>essent,</span> <span class='ocrx_word' id='word_1_556' title='bbox 3179 2542 3357 2614; x_wconf 70' lang='lat' dir='ltr'>cmpit</span> <span class='ocrx_word' id='word_1_557' title='bbox 3398 2547 3608 2598; x_wconf 88' lang='lat' dir='ltr'>contra</span> 
     </span>
    </p>
   </div>
   <div class='ocr_carea' id='block_1_79' title="bbox 1946 2629 3606 2703">
    <p class='ocr_par' dir='ltr' id='par_1_79' title="bbox 1946 2629 3606 2703">
     <span class='ocr_line' id='line_1_79' title="bbox 1946 2629 3606 2703; baseline 0.001 -18"><span class='ocrx_word' id='word_1_558' title='bbox 1946 2629 2223 2685; x_wconf 85' lang='lat' dir='ltr'>Carolum</span> <span class='ocrx_word' id='word_1_559' title='bbox 2275 2633 2449 2694; x_wconf 87' lang='lat' dir='ltr'>stare,</span> <span class='ocrx_word' id='word_1_560' title='bbox 2483 2646 2743 2700; x_wconf 89' lang='lat' dir='ltr'>eumque</span> <span class='ocrx_word' id='word_1_561' title='bbox 2776 2629 3126 2692; x_wconf 89' lang='lat' dir='ltr'>adnihilare,</span> <span class='ocrx_word' id='word_1_562' title='bbox 3163 2634 3220 2684; x_wconf 88' lang='lat' dir='ltr'>et</span> <span class='ocrx_word' id='word_1_563' title='bbox 3271 2646 3382 2685; x_wconf 87' lang='lat' dir='ltr'>sua</span> <span class='ocrx_word' id='word_1_564' title='bbox 3421 2631 3606 2703; x_wconf 89' lang='lat' dir='ltr'>depo-</span> 
     </span>
    </p>
   </div>
   <div class='ocr_carea' id='block_1_80' title="bbox 1945 2718 3605 2790">
    <p class='ocr_par' dir='ltr' id='par_1_80' title="bbox 1945 2718 3605 2790">
     <span class='ocr_line' id='line_1_80' title="bbox 1945 2718 3605 2790; baseline 0.003 -19"><span class='ocrx_word' id='word_1_565' title='bbox 1945 2718 2156 2790; x_wconf 88' lang='lat' dir='ltr'>pulari.</span> <span class='ocrx_word' id='word_1_566' title='bbox 2192 2719 2456 2790; x_wconf 81' lang='lat' dir='ltr'>Misitque</span> <span class='ocrx_word' id='word_1_567' title='bbox 2486 2718 2751 2789; x_wconf 90' lang='lat' dir='ltr'>legatum</span> <span class='ocrx_word' id='word_1_568' title='bbox 2779 2718 2858 2774; x_wconf 88' lang='lat' dir='ltr'>ad</span> <span class='ocrx_word' id='word_1_569' title='bbox 2897 2719 3247 2774; x_wconf 86' lang='lat' dir='ltr'>Rotbertum</span> <span class='ocrx_word' id='word_1_570' title='bbox 3278 2720 3605 2776; x_wconf 85' lang='lat' dir='ltr'>Rothoma-</span> 
     </span>
    </p>
   </div>
   <div class='ocr_carea' id='block_1_81' title="bbox 1948 2807 3608 2879">
    <p class='ocr_par' dir='ltr' id='par_1_81' title="bbox 1948 2807 3608 2879">
     <span class='ocr_line' id='line_1_81' title="bbox 1948 2807 3608 2879; baseline 0.001 -18"><span class='ocrx_word' id='word_1_571' title='bbox 1948 2823 2212 2875; x_wconf 86' lang='lat' dir='ltr'>gensem,</span> <span class='ocrx_word' id='word_1_572' title='bbox 2249 2807 2484 2861; x_wconf 90' lang='lat' dir='ltr'>dicens:</span> <span class='ocrx_word' id='word_1_573' title='bbox 2539 2830 2563 2854; x_wconf 87' lang='grc'>‹‹</span> <span class='ocrx_word' id='word_1_574' title='bbox 2599 2809 2720 2862; x_wconf 90' lang='lat' dir='ltr'>Tuo</span> <span class='ocrx_word' id='word_1_575' title='bbox 2759 2807 3027 2874; x_wconf 89' lang='lat' dir='ltr'>consilio,</span> <span class='ocrx_word' id='word_1_576' title='bbox 3061 2812 3284 2879; x_wconf 91' lang='lat' dir='ltr'>tuoque</span> <span class='ocrx_word' id='word_1_577' title='bbox 3329 2807 3608 2863; x_wconf 77' lang='lat' dir='ltr'>suffultus</span> 
     </span>
    </p>
   </div>
   <div class='ocr_carea' id='block_1_82' title="bbox 1947 2895 3608 2967">
    <p class='ocr_par' dir='ltr' id='par_1_82' title="bbox 1947 2895 3608 2967">
     <span class='ocr_line' id='line_1_82' title="bbox 1947 2895 3608 2967; baseline 0.002 -17"><span class='ocrx_word' id='word_1_578' title='bbox 1947 2895 2265 2966; x_wconf 90' lang='lat' dir='ltr'>adjutorio,</span> <span class='ocrx_word' id='word_1_579' title='bbox 2295 2895 2432 2950; x_wconf 90' lang='lat' dir='ltr'>volo</span> <span class='ocrx_word' id='word_1_580' title='bbox 2458 2895 2616 2950; x_wconf 89' lang='lat' dir='ltr'>istud</span> <span class='ocrx_word' id='word_1_581' title='bbox 2646 2912 2901 2963; x_wconf 86' lang='lat' dir='ltr'>reg-num</span> <span class='ocrx_word' id='word_1_582' title='bbox 2935 2912 3118 2967; x_wconf 84' lang='lat' dir='ltr'>super</span> <span class='ocrx_word' id='word_1_583' title='bbox 3148 2897 3426 2952; x_wconf 87' lang='lat' dir='ltr'>Carolum</span> <span class='ocrx_word' id='word_1_584' title='bbox 3453 2897 3608 2953; x_wconf 79' lang='lat' dir='ltr'>acci-</span> 
     </span>
    </p>
   </div>
   <div class='ocr_carea' id='block_1_83' title="bbox 1949 2983 3614 3056">
    <p class='ocr_par' dir='ltr' id='par_1_83' title="bbox 1949 2983 3614 3056">
     <span class='ocr_line' id='line_1_83' title="bbox 1949 2983 3614 3056; baseline 0.001 -18"><span class='ocrx_word' id='word_1_585' title='bbox 1949 3000 2109 3056; x_wconf 88' lang='lat' dir='ltr'>pere,</span> <span class='ocrx_word' id='word_1_586' title='bbox 2139 3000 2398 3054; x_wconf 90' lang='lat' dir='ltr'>eumque</span> <span class='ocrx_word' id='word_1_587' title='bbox 2428 2983 2672 3038; x_wconf 85' lang='lat' dir='ltr'>Francia</span> <span class='ocrx_word' id='word_1_588' title='bbox 2697 2984 2924 3052; x_wconf 87' lang='lat' dir='ltr'>fugare.</span> <span class='ocrx_word' id='word_1_589' title='bbox 2950 3008 2976 3032; x_wconf 77' lang='lat' dir='ltr'>n</span> <span class='ocrx_word' id='word_1_590' title='bbox 3007 2987 3169 3039; x_wconf 91' lang='lat' dir='ltr'>Tunc</span> <span class='ocrx_word' id='word_1_591' title='bbox 3196 2985 3478 3040; x_wconf 87' lang='lat' dir='ltr'>Rotberto</span> <span class='ocrx_word' id='word_1_592' title='bbox 3501 2985 3614 3041; x_wconf 84' lang='lat' dir='ltr'>Ro-</span> 
     </span>
    </p>
   </div>
   <div class='ocr_carea' id='block_1_84' title="bbox 1883 3072 3611 3159">
    <p class='ocr_par' dir='ltr' id='par_1_84' title="bbox 1883 3072 3611 3159">
     <span class='ocr_line' id='line_1_84' title="bbox 1883 3072 3611 3159; baseline 0.002 -34"><span class='ocrx_word' id='word_1_593' title='bbox 1883 3105 1921 3159; x_wconf 77' lang='lat' dir='ltr'>C</span> <span class='ocrx_word' id='word_1_594' title='bbox 1955 3072 2362 3141; x_wconf 85' lang='lat' dir='ltr'>thomagensis</span> <span class='ocrx_word' id='word_1_595' title='bbox 2407 3072 2714 3144; x_wconf 89' lang='lat' dir='ltr'>respondit</span> <span class='ocrx_word' id='word_1_596' title='bbox 2758 3072 2956 3140; x_wconf 83' lang='lat' dir='ltr'>legato</span> <span class='ocrx_word' id='word_1_597' title='bbox 3011 3075 3372 3128; x_wconf 80' lang='lat' dir='ltr'>Francorum</span> <span class='ocrx_word' id='word_1_598' title='bbox 3403 3073 3611 3130; x_wconf 89' lang='lat' dir='ltr'>ducis:</span> 
     </span>
    </p>
   </div>
   <div class='ocr_carea' id='block_1_85' title="bbox 1953 3160 3615 3234">
    <p class='ocr_par' dir='ltr' id='par_1_85' title="bbox 1953 3160 3615 3234">
     <span class='ocr_line' id='line_1_85' title="bbox 1953 3160 3615 3234; baseline 0.001 -18"><span class='ocrx_word' id='word_1_599' title='bbox 1953 3183 1978 3208; x_wconf 89' lang='grc'>‹‹</span> <span class='ocrx_word' id='word_1_600' title='bbox 2011 3160 2179 3216; x_wconf 82' lang='lat' dir='ltr'>Modo</span> <span class='ocrx_word' id='word_1_601' title='bbox 2225 3165 2361 3214; x_wconf 91' lang='lat' dir='ltr'>tuus</span> <span class='ocrx_word' id='word_1_602' title='bbox 2413 3162 2609 3216; x_wconf 88' lang='lat' dir='ltr'>senior</span> <span class='ocrx_word' id='word_1_603' title='bbox 2657 3160 2835 3216; x_wconf 88' lang='lat' dir='ltr'>nimis</span> <span class='ocrx_word' id='word_1_604' title='bbox 2861 3161 2986 3216; x_wconf 90' lang='lat' dir='ltr'>vult</span> <span class='ocrx_word' id='word_1_605' title='bbox 3022 3162 3310 3233; x_wconf 87' lang='lat' dir='ltr'>equitare,</span> <span class='ocrx_word' id='word_1_606' title='bbox 3343 3162 3615 3234; x_wconf 88' lang='lat' dir='ltr'>ultraque</span> 
     </span>
    </p>
   </div>
   <div class='ocr_carea' id='block_1_86' title="bbox 1951 3249 3616 3323">
    <p class='ocr_par' dir='ltr' id='par_1_86' title="bbox 1951 3249 3616 3323">
     <span class='ocr_line' id='line_1_86' title="bbox 1951 3249 3616 3323; baseline 0.002 -20"><span class='ocrx_word' id='word_1_607' title='bbox 1951 3249 2145 3316; x_wconf 88' lang='lat' dir='ltr'>legem</span> <span class='ocrx_word' id='word_1_608' title='bbox 2200 3265 2395 3317; x_wconf 89' lang='lat' dir='ltr'>agere.</span> <span class='ocrx_word' id='word_1_609' title='bbox 2446 3252 2587 3314; x_wconf 62' lang='lat' dir='ltr'>Quae</span> <span class='ocrx_word' id='word_1_610' title='bbox 2642 3249 2799 3319; x_wconf 90' lang='lat' dir='ltr'>regis</span> <span class='ocrx_word' id='word_1_611' title='bbox 2847 3254 2986 3304; x_wconf 91' lang='lat' dir='ltr'>sunt</span> <span class='ocrx_word' id='word_1_612' title='bbox 3024 3254 3258 3306; x_wconf 90' lang='lat' dir='ltr'>tantum</span> <span class='ocrx_word' id='word_1_613' title='bbox 3287 3250 3616 3323; x_wconf 90' lang='lat' dir='ltr'>disperdat,</span> 
     </span>
    </p>
   </div>
   <div class='ocr_carea' id='block_1_87' title="bbox 1953 3336 3620 3409">
    <p class='ocr_par' dir='ltr' id='par_1_87' title="bbox 1953 3336 3620 3409">
     <span class='ocr_line' id='line_1_87' title="bbox 1953 3336 3620 3409; baseline 0.002 -19"><span class='ocrx_word' id='word_1_614' title='bbox 1953 3336 2217 3405; x_wconf 87' lang='lat' dir='ltr'>regimen</span> <span class='ocrx_word' id='word_1_615' title='bbox 2268 3337 2409 3390; x_wconf 93' lang='lat' dir='ltr'>nolo</span> <span class='ocrx_word' id='word_1_616' title='bbox 2464 3341 2527 3390; x_wconf 91' lang='lat' dir='ltr'>ut</span> <span class='ocrx_word' id='word_1_617' title='bbox 2578 3336 2906 3408; x_wconf 79' lang='lat' dir='ltr'>accipiat.»</span> <span class='ocrx_word' id='word_1_618' title='bbox 2959 3340 3095 3393; x_wconf 87' lang='lat' dir='ltr'>Erat</span> <span class='ocrx_word' id='word_1_619' title='bbox 3143 3343 3347 3394; x_wconf 82' lang='lat' dir='ltr'>autem</span> <span class='ocrx_word' id='word_1_620' title='bbox 3396 3339 3620 3409; x_wconf 67' lang='lat' dir='ltr'>coniux</span> 
     </span>
    </p>
   </div>
   <div class='ocr_carea' id='block_1_88' title="bbox 1955 3425 3622 3495">
    <p class='ocr_par' dir='ltr' id='par_1_88' title="bbox 1955 3425 3622 3495">
     <span class='ocr_line' id='line_1_88' title="bbox 1955 3425 3622 3495; baseline 0.002 -15"><span class='ocrx_word' id='word_1_621' title='bbox 1955 3425 2110 3480; x_wconf 84' lang='lat' dir='ltr'>Gisla</span> <span class='ocrx_word' id='word_1_622' title='bbox 2143 3425 2263 3479; x_wconf 83' lang='lat' dir='ltr'>ﬁlia</span> <span class='ocrx_word' id='word_1_623' title='bbox 2311 3441 2466 3493; x_wconf 82' lang='lat' dir='ltr'>regis</span> <span class='ocrx_word' id='word_1_624' title='bbox 2505 3426 2636 3495; x_wconf 85' lang='lat' dir='ltr'>jam</span> <span class='ocrx_word' id='word_1_625' title='bbox 2688 3425 2990 3481; x_wconf 87' lang='lat' dir='ltr'>defuncta.</span> <span class='ocrx_word' id='word_1_626' title='bbox 3044 3426 3196 3490; x_wconf 85' lang='lat' dir='ltr'>Quid</span> <span class='ocrx_word' id='word_1_627' title='bbox 3229 3427 3445 3483; x_wconf 88' lang='lat' dir='ltr'>accidit</span> <span class='ocrx_word' id='word_1_628' title='bbox 3469 3427 3622 3484; x_wconf 87' lang='lat' dir='ltr'>inter</span> 
     </span>
    </p>
   </div>
   <div class='ocr_carea' id='block_1_89' title="bbox 1957 3513 3620 3587">
    <p class='ocr_par' dir='ltr' id='par_1_89' title="bbox 1957 3513 3620 3587">
     <span class='ocr_line' id='line_1_89' title="bbox 1957 3513 3620 3587; baseline 0.004 -21"><span class='ocrx_word' id='word_1_629' title='bbox 1957 3513 2236 3569; x_wconf 89' lang='lat' dir='ltr'>Carolum</span> <span class='ocrx_word' id='word_1_630' title='bbox 2267 3518 2323 3568; x_wconf 90' lang='lat' dir='ltr'>et</span> <span class='ocrx_word' id='word_1_631' title='bbox 2348 3513 2680 3569; x_wconf 84' lang='lat' dir='ltr'>Robertum</span> <span class='ocrx_word' id='word_1_632' title='bbox 2707 3513 2803 3568; x_wconf 91' lang='lat' dir='ltr'>hic</span> <span class='ocrx_word' id='word_1_633' title='bbox 2832 3529 2957 3569; x_wconf 84' lang='lat' dir='ltr'>non</span> <span class='ocrx_word' id='word_1_634' title='bbox 2986 3514 3442 3585; x_wconf 87' lang='lat' dir='ltr'>memorabitur,</span> <span class='ocrx_word' id='word_1_635' title='bbox 3474 3516 3620 3587; x_wconf 85' lang='lat' dir='ltr'>quia</span> 
     </span>
    </p>
   </div>
   <div class='ocr_carea' id='block_1_90' title="bbox 1957 3600 3620 3673">
    <p class='ocr_par' dir='ltr' id='par_1_90' title="bbox 1957 3600 3620 3673">
     <span class='ocr_line' id='line_1_90' title="bbox 1957 3600 3620 3673; baseline 0.001 -17"><span class='ocrx_word' id='word_1_636' title='bbox 1957 3601 2103 3657; x_wconf 88' lang='lat' dir='ltr'>alias</span> <span class='ocrx_word' id='word_1_637' title='bbox 2123 3600 2356 3668; x_wconf 84' lang='lat' dir='ltr'>legitur.</span> <span class='ocrx_word' id='word_1_638' title='bbox 2393 3600 2711 3658; x_wconf 83' lang='lat' dir='ltr'>Rotbertus</span> <span class='ocrx_word' id='word_1_639' title='bbox 2755 3601 3304 3657; x_wconf 83' lang='lat' dir='ltr'>Northmannorum</span> <span class='ocrx_word' id='word_1_640' title='bbox 3335 3603 3620 3673; x_wconf 90' lang='lat' dir='ltr'>patricius</span> 
     </span>
    </p>
   </div>
   <div class='ocr_carea' id='block_1_91' title="bbox 1958 3688 3626 3762">
    <p class='ocr_par' dir='ltr' id='par_1_91' title="bbox 1958 3688 3626 3762">
     <span class='ocr_line' id='line_1_91' title="bbox 1958 3688 3626 3762; baseline 0.001 -17"><span class='ocrx_word' id='word_1_641' title='bbox 1958 3689 2283 3761; x_wconf 68' lang='lat' dir='ltr'>grandaeva</span> <span class='ocrx_word' id='word_1_642' title='bbox 2314 3693 2503 3755; x_wconf 64' lang='lat' dir='ltr'>aetate,</span> <span class='ocrx_word' id='word_1_643' title='bbox 2536 3689 2844 3760; x_wconf 88' lang='lat' dir='ltr'>nimioque</span> <span class='ocrx_word' id='word_1_644' title='bbox 2873 3688 3078 3746; x_wconf 84' lang='lat' dir='ltr'>labore</span> <span class='ocrx_word' id='word_1_645' title='bbox 3110 3689 3456 3762; x_wconf 68' lang='lat' dir='ltr'>praeliorum</span> <span class='ocrx_word' id='word_1_646' title='bbox 3483 3707 3626 3748; x_wconf 91' lang='lat' dir='ltr'>con-</span> 
     </span>
    </p>
   </div>
   <div class='ocr_carea' id='block_1_92' title="bbox 1961 3778 3625 3853">
    <p class='ocr_par' dir='ltr' id='par_1_92' title="bbox 1961 3778 3625 3853">
     <span class='ocr_line' id='line_1_92' title="bbox 1961 3778 3625 3853; baseline 0.001 -18"><span class='ocrx_word' id='word_1_647' title='bbox 1961 3780 2170 3846; x_wconf 88' lang='lat' dir='ltr'>sultus,</span> <span class='ocrx_word' id='word_1_648' title='bbox 2205 3780 2547 3834; x_wconf 87' lang='lat' dir='ltr'>convocatis</span> <span class='ocrx_word' id='word_1_649' title='bbox 2602 3782 2899 3835; x_wconf 89' lang='lat' dir='ltr'>Dacorum</span> <span class='ocrx_word' id='word_1_650' title='bbox 2945 3778 3372 3852; x_wconf 84' lang='lat' dir='ltr'>Britonumque</span> <span class='ocrx_word' id='word_1_651' title='bbox 3408 3780 3625 3853; x_wconf 84' lang='lat' dir='ltr'>princi-</span> 
     </span>
    </p>
   </div>
   <div class='ocr_carea' id='block_1_93' title="bbox 1958 3868 3623 3938">
    <p class='ocr_par' dir='ltr' id='par_1_93' title="bbox 1958 3868 3623 3938">
     <span class='ocr_line' id='line_1_93' title="bbox 1958 3868 3623 3938; baseline 0.001 -14"><span class='ocrx_word' id='word_1_652' title='bbox 1958 3869 2096 3938; x_wconf 90' lang='lat' dir='ltr'>bus,</span> <span class='ocrx_word' id='word_1_653' title='bbox 2129 3868 2293 3923; x_wconf 87' lang='lat' dir='ltr'>dedit</span> <span class='ocrx_word' id='word_1_654' title='bbox 2337 3884 2581 3925; x_wconf 91' lang='lat' dir='ltr'>omnem</span> <span class='ocrx_word' id='word_1_655' title='bbox 2613 3873 2831 3924; x_wconf 89' lang='lat' dir='ltr'>terram</span> <span class='ocrx_word' id='word_1_656' title='bbox 2881 3885 3003 3924; x_wconf 72' lang='lat' dir='ltr'>suae</span> <span class='ocrx_word' id='word_1_657' title='bbox 3041 3868 3284 3924; x_wconf 89' lang='lat' dir='ltr'>ditionis</span> <span class='ocrx_word' id='word_1_658' title='bbox 3314 3869 3623 3926; x_wconf 90' lang='lat' dir='ltr'>Guillelmo</span> 
     </span>
    </p>
   </div>
   <div class='ocr_carea' id='block_1_94' title="bbox 1960 3956 3624 4029">
    <p class='ocr_par' dir='ltr' id='par_1_94' title="bbox 1960 3956 3624 4029">
     <span class='ocr_line' id='line_1_94' title="bbox 1960 3956 3624 4029; baseline 0.001 -16"><span class='ocrx_word' id='word_1_659' title='bbox 1960 3961 2133 4029; x_wconf 77' lang='lat' dir='ltr'>Popae</span> <span class='ocrx_word' id='word_1_660' title='bbox 2194 3956 2336 4024; x_wconf 88' lang='lat' dir='ltr'>tilio,</span> <span class='ocrx_word' id='word_1_661' title='bbox 2399 3961 2578 4028; x_wconf 90' lang='lat' dir='ltr'>atque</span> <span class='ocrx_word' id='word_1_662' title='bbox 2635 3957 2786 4012; x_wconf 90' lang='lat' dir='ltr'>inter</span> <span class='ocrx_word' id='word_1_663' title='bbox 2841 3973 3060 4012; x_wconf 89' lang='lat' dir='ltr'>manus</span> <span class='ocrx_word' id='word_1_664' title='bbox 3119 3957 3413 4013; x_wconf 88' lang='lat' dir='ltr'>Guillelmi</span> <span class='ocrx_word' id='word_1_665' title='bbox 3479 3958 3624 4014; x_wconf 80' lang='lat' dir='ltr'>ado-</span> 
     </span>
    </p>
   </div>
   <div class='ocr_carea' id='block_1_95' title="bbox 1960 4045 3630 4120">
    <p class='ocr_par' dir='ltr' id='par_1_95' title="bbox 1960 4045 3630 4120">
     <span class='ocr_line' id='line_1_95' title="bbox 1960 4045 3630 4120; baseline 0.001 -18"><span class='ocrx_word' id='word_1_666' title='bbox 1960 4047 2232 4103; x_wconf 87' lang='lat' dir='ltr'>lescentis</span> <span class='ocrx_word' id='word_1_667' title='bbox 2263 4062 2482 4102; x_wconf 89' lang='lat' dir='ltr'>manus</span> <span class='ocrx_word' id='word_1_668' title='bbox 2506 4062 2647 4102; x_wconf 89' lang='lat' dir='ltr'>suas</span> <span class='ocrx_word' id='word_1_669' title='bbox 2666 4046 2967 4103; x_wconf 89' lang='lat' dir='ltr'>mittentes</span> <span class='ocrx_word' id='word_1_670' title='bbox 2989 4045 3310 4120; x_wconf 88' lang='lat' dir='ltr'>principes,</span> <span class='ocrx_word' id='word_1_671' title='bbox 3334 4047 3630 4118; x_wconf 86' lang='lat' dir='ltr'>colligavit</span> 
     </span>
    </p>
   </div>
   <div class='ocr_carea' id='block_1_96' title="bbox 1962 4135 3629 4206">
    <p class='ocr_par' dir='ltr' id='par_1_96' title="bbox 1962 4135 3629 4206">
     <span class='ocr_line' id='line_1_96' title="bbox 1962 4135 3629 4206; baseline 0.001 -15"><span class='ocrx_word' id='word_1_672' title='bbox 1962 4136 2044 4192; x_wconf 90' lang='lat' dir='ltr'>illi</span> <span class='ocrx_word' id='word_1_673' title='bbox 2097 4135 2527 4206; x_wconf 87' lang='lat' dir='ltr'>conjurationis</span> <span class='ocrx_word' id='word_1_674' title='bbox 2613 4140 3010 4192; x_wconf 88' lang='lat' dir='ltr'>sacramento.</span> <span class='ocrx_word' id='word_1_675' title='bbox 3070 4138 3280 4192; x_wconf 86' lang='lat' dir='ltr'>Postea</span> <span class='ocrx_word' id='word_1_676' title='bbox 3349 4153 3468 4192; x_wconf 88' lang='lat' dir='ltr'>uno</span> <span class='ocrx_word' id='word_1_677' title='bbox 3541 4136 3629 4192; x_wconf 92' lang='lat' dir='ltr'>lu-</span> 
     </span>
    </p>
   </div>
   <div class='ocr_carea' id='block_1_97' title="bbox 1966 4222 3630 4295">
    <p class='ocr_par' dir='ltr' id='par_1_97' title="bbox 1966 4222 3630 4295">
     <span class='ocr_line' id='line_1_97' title="bbox 1966 4222 3630 4295; baseline -0.001 -16"><span class='ocrx_word' id='word_1_678' title='bbox 1966 4230 2088 4280; x_wconf 92' lang='lat' dir='ltr'>stro</span> <span class='ocrx_word' id='word_1_679' title='bbox 2137 4223 2372 4295; x_wconf 89' lang='lat' dir='ltr'>vivens,</span> <span class='ocrx_word' id='word_1_680' title='bbox 2427 4223 2620 4280; x_wconf 78' lang='lat' dir='ltr'>aetatis</span> <span class='ocrx_word' id='word_1_681' title='bbox 2691 4240 2813 4280; x_wconf 69' lang='lat' dir='ltr'>suae</span> <span class='ocrx_word' id='word_1_682' title='bbox 2885 4223 3144 4292; x_wconf 85' lang='lat' dir='ltr'>defectu,</span> <span class='ocrx_word' id='word_1_683' title='bbox 3195 4223 3490 4295; x_wconf 80' lang='lat' dir='ltr'>etfetoque</span> <span class='ocrx_word' id='word_1_684' title='bbox 3546 4222 3630 4278; x_wconf 90' lang='lat' dir='ltr'>vi-</span> 
     </span>
    </p>
   </div>
   <div class='ocr_carea' id='block_1_98' title="bbox 1963 4312 3629 4386">
    <p class='ocr_par' dir='ltr' id='par_1_98' title="bbox 1963 4312 3629 4386">
     <span class='ocr_line' id='line_1_98' title="bbox 1963 4312 3629 4386; baseline -0.001 -17"><span class='ocrx_word' id='word_1_685' title='bbox 1963 4315 2130 4370; x_wconf 91' lang='lat' dir='ltr'>ribus</span> <span class='ocrx_word' id='word_1_686' title='bbox 2184 4330 2454 4386; x_wconf 91' lang='lat' dir='ltr'>corpore,</span> <span class='ocrx_word' id='word_1_687' title='bbox 2514 4314 2782 4386; x_wconf 90' lang='lat' dir='ltr'>equitare</span> <span class='ocrx_word' id='word_1_688' title='bbox 2856 4330 2978 4369; x_wconf 91' lang='lat' dir='ltr'>non</span> <span class='ocrx_word' id='word_1_689' title='bbox 3056 4312 3284 4379; x_wconf 83' lang='lat' dir='ltr'>valens,</span> <span class='ocrx_word' id='word_1_690' title='bbox 3346 4328 3629 4382; x_wconf 83' lang='lat' dir='ltr'>regnum-</span> 
     </span>
    </p>
   </div>
   <div class='ocr_carea' id='block_1_99' title="bbox 1968 4401 3629 4476">
    <p class='ocr_par' dir='ltr' id='par_1_99' title="bbox 1968 4401 3629 4476">
     <span class='ocr_line' id='line_1_99' title="bbox 1968 4401 3629 4476; baseline -0.002 -17"><span class='ocrx_word' id='word_1_691' title='bbox 1968 4420 2087 4476; x_wconf 89' lang='lat' dir='ltr'>que</span> <span class='ocrx_word' id='word_1_692' title='bbox 2113 4403 2495 4475; x_wconf 88' lang='lat' dir='ltr'>paciﬁcatum</span> <span class='ocrx_word' id='word_1_693' title='bbox 2527 4403 2785 4458; x_wconf 88' lang='lat' dir='ltr'>solidum</span> <span class='ocrx_word' id='word_1_694' title='bbox 2816 4407 2872 4458; x_wconf 92' lang='lat' dir='ltr'>et</span> <span class='ocrx_word' id='word_1_695' title='bbox 2899 4401 3170 4473; x_wconf 88' lang='lat' dir='ltr'>quietum</span> <span class='ocrx_word' id='word_1_696' title='bbox 3201 4407 3431 4469; x_wconf 84' lang='lat' dir='ltr'>tenens,</span> <span class='ocrx_word' id='word_1_697' title='bbox 3457 4401 3629 4470; x_wconf 90' lang='lat' dir='ltr'>lugu-</span> 
     </span>
    </p>
   </div>
   <div class='ocr_carea' id='block_1_100' title="bbox 1969 4490 3628 4564">
    <p class='ocr_par' dir='ltr' id='par_1_100' title="bbox 1969 4490 3628 4564">
     <span class='ocr_line' id='line_1_100' title="bbox 1969 4490 3628 4564; baseline -0.002 -15"><span class='ocrx_word' id='word_1_698' title='bbox 1969 4493 2091 4549; x_wconf 90' lang='lat' dir='ltr'>bris</span> <span class='ocrx_word' id='word_1_699' title='bbox 2145 4492 2353 4547; x_wconf 87' lang='lat' dir='ltr'>damni</span> <span class='ocrx_word' id='word_1_700' title='bbox 2408 4508 2624 4564; x_wconf 87' lang='lat' dir='ltr'>passus</span> <span class='ocrx_word' id='word_1_701' title='bbox 2689 4490 3097 4562; x_wconf 86' lang='lat' dir='ltr'>dispendium,</span> <span class='ocrx_word' id='word_1_702' title='bbox 3151 4490 3628 4562; x_wconf 85' lang='lat' dir='ltr'>inevitabilisque</span> 
     </span>
    </p>
   </div>
   <div class='ocr_carea' id='block_1_101' title="bbox 1966 4578 3628 4650">
    <p class='ocr_par' dir='ltr' id='par_1_101' title="bbox 1966 4578 3628 4650">
     <span class='ocr_line' id='line_1_101' title="bbox 1966 4578 3628 4650; baseline -0.002 -14"><span class='ocrx_word' id='word_1_703' title='bbox 1966 4581 2172 4636; x_wconf 92' lang='lat' dir='ltr'>mortis</span> <span class='ocrx_word' id='word_1_704' title='bbox 2219 4597 2431 4635; x_wconf 90' lang='lat' dir='ltr'>casum</span> <span class='ocrx_word' id='word_1_705' title='bbox 2476 4580 2691 4650; x_wconf 90' lang='lat' dir='ltr'>plenus</span> <span class='ocrx_word' id='word_1_706' title='bbox 2743 4579 2978 4633; x_wconf 89' lang='lat' dir='ltr'>dierum</span> <span class='ocrx_word' id='word_1_707' title='bbox 3031 4578 3312 4648; x_wconf 84' lang='lat' dir='ltr'>migravit</span> <span class='ocrx_word' id='word_1_708' title='bbox 3354 4579 3433 4634; x_wconf 85' lang='lat' dir='ltr'>ad</span> <span class='ocrx_word' id='word_1_709' title='bbox 3465 4579 3628 4634; x_wconf 79' lang='lat' dir='ltr'>Chri-</span> 
     </span>
    </p>
   </div>
   <div class='ocr_carea' id='block_1_102' title="bbox 1965 4665 3630 4736">
    <p class='ocr_par' dir='ltr' id='par_1_102' title="bbox 1965 4665 3630 4736">
     <span class='ocr_line' id='line_1_102' title="bbox 1965 4665 3630 4736; baseline 0 -12"><span class='ocrx_word' id='word_1_710' title='bbox 1965 4675 2144 4736; x_wconf 90' lang='lat' dir='ltr'>stum,</span> <span class='ocrx_word' id='word_1_711' title='bbox 2180 4669 2273 4724; x_wconf 90' lang='lat' dir='ltr'>cui</span> <span class='ocrx_word' id='word_1_712' title='bbox 2327 4672 2414 4723; x_wconf 91' lang='lat' dir='ltr'>est</span> <span class='ocrx_word' id='word_1_713' title='bbox 2455 4669 2650 4723; x_wconf 90' lang='lat' dir='ltr'>honor</span> <span class='ocrx_word' id='word_1_714' title='bbox 2685 4672 2742 4723; x_wconf 90' lang='lat' dir='ltr'>et</span> <span class='ocrx_word' id='word_1_715' title='bbox 2789 4666 2980 4736; x_wconf 87' lang='lat' dir='ltr'>gloria</span> <span class='ocrx_word' id='word_1_716' title='bbox 3020 4666 3084 4722; x_wconf 87' lang='lat' dir='ltr'>in</span> <span class='ocrx_word' id='word_1_717' title='bbox 3130 4665 3351 4722; x_wconf 65' lang='lat' dir='ltr'>saecula</span> <span class='ocrx_word' id='word_1_718' title='bbox 3380 4666 3630 4724; x_wconf 68' lang='lat' dir='ltr'>saeculo-</span> 
     </span>
    </p>
   </div>
   <div class='ocr_carea' id='block_1_103' title="bbox 1963 4763 2358 4815">
    <p class='ocr_par' dir='ltr' id='par_1_103' title="bbox 1963 4763 2358 4815">
     <span class='ocr_line' id='line_1_103' title="bbox 1963 4763 2358 4815; baseline -0.003 -2"><span class='ocrx_word' id='word_1_719' title='bbox 1963 4774 2119 4815; x_wconf 86' lang='lat' dir='ltr'>rum.</span> <span class='ocrx_word' id='word_1_720' title='bbox 2149 4763 2358 4813; x_wconf 83' lang='lat' dir='ltr'>Amen.</span> 
     </span>
    </p>
   </div>
   <div class='ocr_carea' id='block_1_104' title="bbox 1728 5043 2091 5101">
    <p class='ocr_par' dir='ltr' id='par_1_104' title="bbox 1728 5043 2091 5101">
     <span class='ocr_line' id='line_1_104' title="bbox 1728 5043 2091 5101; baseline -0.003 -1"><span class='ocrx_word' id='word_1_721' title='bbox 1728 5043 2091 5101; x_wconf 83' lang='lat' dir='ltr'>EPILOGUS.</span> 
     </span>
    </p>
   </div>
   <div class='ocr_carea' id='block_1_105' title="bbox 195 5198 1732 5273">
    <p class='ocr_par' dir='ltr' id='par_1_105' title="bbox 195 5198 1732 5273">
     <span class='ocr_line' id='line_1_105' title="bbox 195 5198 1732 5273; baseline -0.003 -14"><span class='ocrx_word' id='word_1_722' title='bbox 195 5205 390 5261; x_wconf 82' lang='lat' dir='ltr'>Nauta</span> <span class='ocrx_word' id='word_1_723' title='bbox 418 5201 587 5258; x_wconf 87' lang='lat' dir='ltr'>rudis</span> <span class='ocrx_word' id='word_1_724' title='bbox 613 5199 830 5273; x_wconf 85' lang='lat' dir='ltr'>pelago</span> <span class='ocrx_word' id='word_1_725' title='bbox 861 5199 1224 5257; x_wconf 88' lang='lat' dir='ltr'>commissus</span> <span class='ocrx_word' id='word_1_726' title='bbox 1253 5198 1383 5254; x_wconf 91' lang='lat' dir='ltr'>vela</span> <span class='ocrx_word' id='word_1_727' title='bbox 1411 5198 1732 5271; x_wconf 86' lang='lat' dir='ltr'>profundo,</span> 
     </span>
    </p>
   </div>
   <div class='ocr_carea' id='block_1_106' title="bbox 191 5287 1722 5362">
    <p class='ocr_par' dir='ltr' id='par_1_106' title="bbox 191 5287 1722 5362">
     <span class='ocr_line' id='line_1_106' title="bbox 191 5287 1722 5362; baseline -0.005 -13"><span class='ocrx_word' id='word_1_728' title='bbox 191 5292 391 5349; x_wconf 90' lang='lat' dir='ltr'>Classe</span> <span class='ocrx_word' id='word_1_729' title='bbox 421 5291 612 5346; x_wconf 87' lang='lat' dir='ltr'>vehor</span> <span class='ocrx_word' id='word_1_730' title='bbox 639 5305 848 5362; x_wconf 90' lang='lat' dir='ltr'>parva,</span> <span class='ocrx_word' id='word_1_731' title='bbox 883 5289 1172 5360; x_wconf 89' lang='lat' dir='ltr'>rimisque</span> <span class='ocrx_word' id='word_1_732' title='bbox 1203 5287 1494 5346; x_wconf 88' lang='lat' dir='ltr'>foramine</span> <span class='ocrx_word' id='word_1_733' title='bbox 1523 5287 1722 5360; x_wconf 88' lang='lat' dir='ltr'>plena,</span> 
     </span>
    </p>
   </div>
   <div class='ocr_carea' id='block_1_107' title="bbox 193 5377 1856 5456">
    <p class='ocr_par' dir='ltr' id='par_1_107' title="bbox 193 5377 1856 5456">
     <span class='ocr_line' id='line_1_107' title="bbox 193 5377 1856 5456; baseline -0.002 -21"><span class='ocrx_word' id='word_1_734' title='bbox 193 5383 525 5456; x_wconf 89' lang='lat' dir='ltr'>Puppeque</span> <span class='ocrx_word' id='word_1_735' title='bbox 555 5383 868 5451; x_wconf 87' lang='lat' dir='ltr'>quassata,</span> <span class='ocrx_word' id='word_1_736' title='bbox 900 5394 1081 5450; x_wconf 85' lang='lat' dir='ltr'>prora</span> <span class='ocrx_word' id='word_1_737' title='bbox 1113 5377 1338 5433; x_wconf 87' lang='lat' dir='ltr'>tumide</span> <span class='ocrx_word' id='word_1_738' title='bbox 1379 5393 1622 5449; x_wconf 62' lang='lat' dir='ltr'>aequore</span> <span class='ocrx_word' id='word_1_739' title='bbox 1652 5377 1856 5443; x_wconf 87' lang='lat' dir='ltr'>fracta,</span> 
     </span>
    </p>
   </div>
   <div class='ocr_carea' id='block_1_108' title="bbox 193 5462 1829 5535">
    <p class='ocr_par' dir='ltr' id='par_1_108' title="bbox 193 5462 1829 5535">
     <span class='ocr_line' id='line_1_108' title="bbox 193 5462 1829 5535; baseline -0.003 -13"><span class='ocrx_word' id='word_1_740' title='bbox 193 5465 648 5535; x_wconf 88' lang='lat' dir='ltr'>Confractisque</span> <span class='ocrx_word' id='word_1_741' title='bbox 678 5463 1121 5532; x_wconf 85' lang='lat' dir='ltr'>gubernaculis,</span> <span class='ocrx_word' id='word_1_742' title='bbox 1152 5462 1451 5534; x_wconf 88' lang='lat' dir='ltr'>remisque</span> <span class='ocrx_word' id='word_1_743' title='bbox 1483 5463 1829 5535; x_wconf 87' lang='lat' dir='ltr'>peremptis,</span> 
     </span>
    </p>
   </div>
   <div class='ocr_carea' id='block_1_109' title="bbox 191 5546 1554 5614">
    <p class='ocr_par' dir='ltr' id='par_1_109' title="bbox 191 5546 1554 5614">
     <span class='ocr_line' id='line_1_109' title="bbox 191 5546 1554 5614; baseline -0.004 -7"><span class='ocrx_word' id='word_1_744' title='bbox 191 5550 489 5607; x_wconf 86' lang='lat' dir='ltr'>Omnibus</span> <span class='ocrx_word' id='word_1_745' title='bbox 522 5553 580 5602; x_wconf 93' lang='lat' dir='ltr'>et</span> <span class='ocrx_word' id='word_1_746' title='bbox 607 5547 752 5602; x_wconf 90' lang='lat' dir='ltr'>velis</span> <span class='ocrx_word' id='word_1_747' title='bbox 780 5546 1039 5603; x_wconf 89' lang='lat' dir='ltr'>violento</span> <span class='ocrx_word' id='word_1_748' title='bbox 1071 5546 1306 5602; x_wconf 89' lang='lat' dir='ltr'>turbine</span> <span class='ocrx_word' id='word_1_749' title='bbox 1338 5547 1554 5614; x_wconf 89' lang='lat' dir='ltr'>scissis,</span> 
     </span>
    </p>
   </div>
   <div class='ocr_carea' id='block_1_110' title="bbox 185 5635 1862 5708">
    <p class='ocr_par' dir='ltr' id='par_1_110' title="bbox 185 5635 1862 5708">
     <span class='ocr_line' id='line_1_110' title="bbox 185 5635 1862 5708; baseline -0.004 -12"><span class='ocrx_word' id='word_1_750' title='bbox 185 5641 556 5708; x_wconf 85' lang='lat' dir='ltr'>Naufragus,</span> <span class='ocrx_word' id='word_1_751' title='bbox 586 5635 888 5704; x_wconf 89' lang='lat' dir='ltr'>attonitus,</span> <span class='ocrx_word' id='word_1_752' title='bbox 918 5635 1217 5708; x_wconf 89' lang='lat' dir='ltr'>stupidus,</span> <span class='ocrx_word' id='word_1_753' title='bbox 1248 5635 1457 5706; x_wconf 88' lang='lat' dir='ltr'>hebes,</span> <span class='ocrx_word' id='word_1_754' title='bbox 1490 5635 1729 5707; x_wconf 83' lang='lat' dir='ltr'>anxius,</span> <span class='ocrx_word' id='word_1_755' title='bbox 1760 5651 1862 5691; x_wconf 87' lang='lat' dir='ltr'>an-</span> 
     </span>
    </p>
   </div>
   <div class='ocr_carea' id='block_1_111' title="bbox 1602 5726 1787 5797">
    <p class='ocr_par' dir='ltr' id='par_1_111' title="bbox 1602 5726 1787 5797">
     <span class='ocr_line' id='line_1_111' title="bbox 1602 5726 1787 5797; baseline -0.005 -16"><span class='ocrx_word' id='word_1_756' title='bbox 1602 5726 1787 5797; x_wconf 87' lang='lat' dir='ltr'>[ceps.</span> 
     </span>
    </p>
   </div>
   <div class='ocr_carea' id='block_1_112' title="bbox 1980 5189 3628 5265">
    <p class='ocr_par' dir='ltr' id='par_1_112' title="bbox 1980 5189 3628 5265">
     <span class='ocr_line' id='line_1_112' title="bbox 1980 5189 3628 5265; baseline -0.001 -15"><span class='ocrx_word' id='word_1_757' title='bbox 1980 5192 2254 5265; x_wconf 85' lang='lat' dir='ltr'>Syrtibus</span> <span class='ocrx_word' id='word_1_758' title='bbox 2282 5190 2630 5263; x_wconf 90' lang='lat' dir='ltr'>implicitus,</span> <span class='ocrx_word' id='word_1_759' title='bbox 2663 5206 2775 5262; x_wconf 87' lang='lat' dir='ltr'>pro</span> <span class='ocrx_word' id='word_1_760' title='bbox 2802 5189 3003 5247; x_wconf 87' lang='lat' dir='ltr'>nescio</span> <span class='ocrx_word' id='word_1_761' title='bbox 3036 5206 3202 5249; x_wconf 82' lang='lat' dir='ltr'>nunc</span> <span class='ocrx_word' id='word_1_762' title='bbox 3238 5191 3386 5262; x_wconf 86' lang='lat' dir='ltr'>quid</span> <span class='ocrx_word' id='word_1_763' title='bbox 3418 5197 3628 5263; x_wconf 84' lang='lat' dir='ltr'>agetur</span> 
     </span>
    </p>
   </div>
   <div class='ocr_carea' id='block_1_113' title="bbox 1968 5278 3609 5354">
    <p class='ocr_par' dir='ltr' id='par_1_113' title="bbox 1968 5278 3609 5354">
     <span class='ocr_line' id='line_1_113' title="bbox 1968 5278 3609 5354; baseline 0.002 -17"><span class='ocrx_word' id='word_1_764' title='bbox 1968 5282 2058 5337; x_wconf 78' lang='lat' dir='ltr'>Ah</span> <span class='ocrx_word' id='word_1_765' title='bbox 2079 5283 2090 5336; x_wconf 89' lang='lat'>!</span> <span class='ocrx_word' id='word_1_766' title='bbox 2116 5281 2333 5336; x_wconf 90' lang='lat' dir='ltr'>misero</span> <span class='ocrx_word' id='word_1_767' title='bbox 2352 5279 2622 5336; x_wconf 82' lang='lat' dir='ltr'>mihimet</span> <span class='ocrx_word' id='word_1_768' title='bbox 2637 5278 2836 5334; x_wconf 88' lang='lat' dir='ltr'>nullus</span> <span class='ocrx_word' id='word_1_769' title='bbox 2857 5282 3020 5350; x_wconf 82' lang='lat' dir='ltr'>patet</span> <span class='ocrx_word' id='word_1_770' title='bbox 3031 5279 3323 5336; x_wconf 86' lang='lat' dir='ltr'>exercitus</span> <span class='ocrx_word' id='word_1_771' title='bbox 3344 5297 3609 5354; x_wconf 76' lang='lat' dir='ltr'>usquam</span> 
     </span>
    </p>
   </div>
   <div class='ocr_carea' id='block_1_114' title="bbox 1971 5367 3420 5441">
    <p class='ocr_par' dir='ltr' id='par_1_114' title="bbox 1971 5367 3420 5441">
     <span class='ocr_line' id='line_1_114' title="bbox 1971 5367 3420 5441; baseline -0.001 -15"><span class='ocrx_word' id='word_1_772' title='bbox 1971 5369 2270 5427; x_wconf 90' lang='lat' dir='ltr'>Fluctibus</span> <span class='ocrx_word' id='word_1_773' title='bbox 2298 5369 2532 5424; x_wconf 88' lang='lat' dir='ltr'>incluso</span> <span class='ocrx_word' id='word_1_774' title='bbox 2556 5367 2775 5438; x_wconf 87' lang='lat' dir='ltr'>nimiis,</span> <span class='ocrx_word' id='word_1_775' title='bbox 2804 5372 3094 5440; x_wconf 88' lang='lat' dir='ltr'>septoque</span> <span class='ocrx_word' id='word_1_776' title='bbox 3120 5368 3420 5441; x_wconf 83' lang='lat' dir='ltr'>procellis.</span> 
     </span>
    </p>
   </div>
   <div class='ocr_carea' id='block_1_115' title="bbox 1968 5456 3628 5532">
    <p class='ocr_par' dir='ltr' id='par_1_115' title="bbox 1968 5456 3628 5532">
     <span class='ocr_line' id='line_1_115' title="bbox 1968 5456 3628 5532; baseline 0.002 -17"><span class='ocrx_word' id='word_1_777' title='bbox 1968 5461 2057 5515; x_wconf 83' lang='lat' dir='ltr'>Ah</span> <span class='ocrx_word' id='word_1_778' title='bbox 2085 5460 2096 5514; x_wconf 87' lang='lat'>!</span> <span class='ocrx_word' id='word_1_779' title='bbox 2131 5458 2401 5514; x_wconf 89' lang='lat' dir='ltr'>mihimet</span> <span class='ocrx_word' id='word_1_780' title='bbox 2447 5457 2668 5514; x_wconf 67' lang='lat' dir='ltr'>ctelum</span> <span class='ocrx_word' id='word_1_781' title='bbox 2706 5456 2994 5528; x_wconf 86' lang='lat' dir='ltr'>undique,</span> <span class='ocrx_word' id='word_1_782' title='bbox 3024 5463 3081 5514; x_wconf 91' lang='lat' dir='ltr'>et</span> <span class='ocrx_word' id='word_1_783' title='bbox 3109 5459 3380 5531; x_wconf 86' lang='lat' dir='ltr'>undique</span> <span class='ocrx_word' id='word_1_784' title='bbox 3407 5465 3628 5532; x_wconf 79' lang='lat' dir='ltr'>pontus</span> 
     </span>
    </p>
   </div>
   <div class='ocr_carea' id='block_1_116' title="bbox 3284 5549 3560 5618">
    <p class='ocr_par' dir='ltr' id='par_1_116' title="bbox 3284 5549 3560 5618">
     <span class='ocr_line' id='line_1_116' title="bbox 3284 5549 3560 5618; baseline 0.004 -14"><span class='ocrx_word' id='word_1_785' title='bbox 3284 5549 3560 5618; x_wconf 81' lang='lat' dir='ltr'>[habetur</span> 
     </span>
    </p>
   </div>
   <div class='ocr_carea' id='block_1_117' title="bbox 1968 5634 3590 5709">
    <p class='ocr_par' dir='ltr' id='par_1_117' title="bbox 1968 5634 3590 5709">
     <span class='ocr_line' id='line_1_117' title="bbox 1968 5634 3590 5709; baseline 0.001 -18"><span class='ocrx_word' id='word_1_786' title='bbox 1968 5639 2189 5707; x_wconf 67' lang='lat' dir='ltr'>Equor</span> <span class='ocrx_word' id='word_1_787' title='bbox 2218 5650 2573 5706; x_wconf 85' lang='lat' dir='ltr'>permensus</span> <span class='ocrx_word' id='word_1_788' title='bbox 2601 5634 2870 5690; x_wconf 90' lang='lat' dir='ltr'>medium</span> <span class='ocrx_word' id='word_1_789' title='bbox 2899 5634 3016 5696; x_wconf 87' lang='lat' dir='ltr'>huc</span> <span class='ocrx_word' id='word_1_790' title='bbox 3046 5636 3144 5692; x_wconf 85' lang='lat' dir='ltr'>vix</span> <span class='ocrx_word' id='word_1_791' title='bbox 3171 5653 3362 5709; x_wconf 90' lang='lat' dir='ltr'>usque</span> <span class='ocrx_word' id='word_1_792' title='bbox 3391 5641 3590 5693; x_wconf 65' lang='lat' dir='ltr'>natavi.</span> 
     </span>
    </p>
   </div>
   <div class='ocr_carea' id='block_1_118' title="bbox 1969 5723 3534 5795">
    <p class='ocr_par' dir='ltr' id='par_1_118' title="bbox 1969 5723 3534 5795">
     <span class='ocr_line' id='line_1_118' title="bbox 1969 5723 3534 5795; baseline -0.001 -15"><span class='ocrx_word' id='word_1_793' title='bbox 1969 5727 2097 5781; x_wconf 90' lang='lat' dir='ltr'>Non</span> <span class='ocrx_word' id='word_1_794' title='bbox 2126 5723 2378 5782; x_wconf 88' lang='lat' dir='ltr'>intrasse</span> <span class='ocrx_word' id='word_1_795' title='bbox 2409 5723 2606 5780; x_wconf 89' lang='lat' dir='ltr'>salum</span> <span class='ocrx_word' id='word_1_796' title='bbox 2635 5723 2900 5794; x_wconf 85' lang='lat' dir='ltr'>mallem,</span> <span class='ocrx_word' id='word_1_797' title='bbox 2927 5739 3116 5795; x_wconf 84' lang='lat' dir='ltr'>quam</span> <span class='ocrx_word' id='word_1_798' title='bbox 3145 5725 3244 5782; x_wconf 87' lang='lat' dir='ltr'>hic</span> <span class='ocrx_word' id='word_1_799' title='bbox 3272 5723 3534 5795; x_wconf 74' lang='lat' dir='ltr'>periisse.</span> 
     </span>
    </p>
   </div>
  </div>
