3968 6374
463 262 566 313 655
1433 250 1744 305 DUDONIS
1784 248 2044 305 DECANI
2087 246 2142 302 S.
2185 244 2504 310 QUINTINI
2543 245 2932 303 VIROMAND.
3793 253 3889 306 656

461 384 664 453 Puppe
695 378 810 435 sub
840 378 1056 448 exigua
1081 392 1188 450 per
1214 374 1504 441 confraga
1527 376 1867 428 murmurat
1894 386 2118 444 aequor,
2159 379 2206 430 Α
2234 368 2586 440 Fluctivaga:
2617 387 2929 444 aequoreos
2959 370 3176 426 mentis
3206 386 3522 443 compesce
3553 373 3822 429 tumores

463 469 760 525 Fluctibus
785 467 1010 524 infestis
1036 465 1235 538 pelagi
1264 468 1586 536 spumante
1621 461 1904 534 procella,
2231 459 2428 530 Syrtes
2457 458 2768 530 pestiferas
2797 460 2993 516 cordis
3020 459 3330 532 disrumpe
3356 460 3650 530 vagantis,

458 563 717 631 Equora
741 558 869 628 jam
898 555 1176 611 lambunt
1204 553 1446 609 inimica
1473 568 1620 624 pace
1648 551 1938 620 carinam,
2229 550 2419 618 Atque
2449 546 2761 618 procellosi
2791 548 3015 618 ingenii
3042 547 3286 603 sustolle
3314 547 3584 603 carinam
3610 566 3623 615 ;

457 646 733 702 Pestifero
763 644 1048 717 amplexu
1077 641 1394 697 horrendis
1426 640 1631 695 ﬂabris
1663 639 1954 696 nocitura.
2233 639 2302 692 Ut
2327 636 2771 706 gubernaculis,
2801 638 3123 711 remisque,
3149 637 3417 710 velisque
3446 637 3699 709 refectis,

457 734 687 790 Viribus
713 733 874 789 iratis
905 737 1109 788 teneor
1143 731 1328 787 maris
1362 746 1503 785 ursa
1528 729 1762 802 rapina,
2232 725 2476 796 Ingenii,
2505 743 2736 797 sensus,
2767 727 3217 801 intellectusque
3248 727 3472 800 pusilli,

458 823 746 896 Undaque
777 826 1054 878 curvatos
1086 820 1325 876 sublata
1357 819 1524 874 sinus
1555 819 1749 892 quatit
1781 834 1936 874 acre.
2227 818 2480 888 Jamque
2510 815 2691 886 hujus
2715 818 2913 888 operis
2934 817 3152 890 pelago
3178 817 3441 873 fervente
3472 823 3692 886 meato,

457 916 658 969 Haereo
684 928 844 968 nunc
870 910 1141 966 tremulis
1170 909 1524 966 temerarius
1550 908 1770 964 arbiter
1801 907 1977 962 undis
2227 905 2634 978 Tranquillum
2668 906 2895 978 possim
2927 907 3334 962 conscendere
3376 907 3579 964 navita
3608 914 3853 981 portum

455 1001 570 1058 Sed
591 1006 871 1074 tu,quem
891 1004 1115 1056 statum
1136 997 1447 1067 mobilem,
1466 1002 1697 1052 motum
1724 995 2120 1068 stabilemque
2227 995 2528 1065 Sanguine
2559 995 2830 1068 martyrii
2855 996 3131 1064 ﬂuidum,
3165 997 3491 1070 palmaque
3516 998 3829 1067 decorum,

454 1090 699 1147 Veridici
728 1089 1064 1163 perhibent,
1089 1104 1230 1144 cum
1261 1087 1335 1144 sit
1361 1091 1563 1142 motus
1592 1101 1837 1158 quoque
1869 1089 2079 1153 status,
2226 1084 2544 1140 Profusum
2571 1089 2629 1140 et
2653 1084 2910 1141 nitidum
2940 1091 3293 1142 cunctorum
3325 1086 3470 1142 ﬂore
3502 1087 3828 1144 bonorum.

1355 1517 1934 1638 LIBER
2105 1515 2994 1637 TERTIUS.

1860 1788 2479 1876 PRXEFATIO.

447 2163 601 2219 Olim
630 2159 955 2232 discipulos
986 2157 1366 2230 omnipotens
1398 2157 1574 2227 Deus,
2142 2156 2182 2210 Β
2224 2152 2627 2226 Diffidensque
2654 2152 2745 2208 sui
2776 2152 3052 2226 paenituit
3076 2151 3274 2218 nimis,

446 2254 626 2307 Sacra
654 2249 888 2319 Virgine
918 2247 1124 2303 matris
1156 2246 1351 2302 editus
1383 2250 1439 2300 et
1469 2249 1655 2309 satus,

447 2344 589 2397 Vere
616 2343 823 2395 nostra
847 2337 997 2393 ﬁdes
1025 2335 1388 2404 Sarcalogon
1419 2351 1600 2406 quem
1629 2336 1728 2399 ait,

445 2428 700 2501 Puppim
732 2426 1024 2482 scandare
1057 2424 1359 2497 praeepit,
1393 2423 1679 2495 abireque

447 2517 605 2574 Ultra
632 2515 953 2572 velivolum
985 2518 1041 2570 et
1071 2513 1456 2582 ﬂuctivagum
1491 2527 1674 2567 mare.

444 2606 648 2662 Plebes
673 2605 1021 2660 innumeras
1045 2603 1248 2658 sedere
1279 2617 1421 2657 mox
1447 2601 1638 2669 jubet,

447 2699 511 2752 Et
535 2693 757 2751 montis
792 2693 1038 2748 subiens
1070 2691 1189 2748 alta
1213 2690 1552 2752 cacumina,

441 2787 673 2840 Numen
703 2781 917 2837 siderei
946 2779 1209 2854 postulat
1237 2779 1316 2834 ad
1346 2779 1549 2833 Patris.

442 2873 636 2930 Noctis
666 2870 932 2927 caeruleae
963 2885 1106 2925 mox
1136 2883 1374 2939 erepere
1406 2867 1606 2932 obvio,

443 2963 573 3018 Dire
607 2961 952 3017 ferbuerant
981 2973 1228 3031 aequora
1256 2957 1456 3020 livida,

442 3053 614 3106 Ltevo
643 3047 1003 3120 praetumido
1034 3045 1276 3101 ﬂamine
1305 3045 1575 3114 gurgitis,

441 3136 826 3195 Conclamata
851 3134 1038 3201 salus,
1071 3148 1329 3205 spesque
1361 3132 1600 3199 tiducia,

441 3225 679 3282 Cunctis
708 3222 1020 3296 discipulis
1051 3221 1438 3295 perstrepidis
1465 3220 1645 3276 nimis

438 3315 602 3372 Aeris
631 3312 909 3386 pestifera
934 3310 1142 3367 mortis
1172 3310 1454 3381 imagine.

438 3407 672 3470 Quartie
702 3418 845 3458 nam
881 3399 1152 3456 stationis
1185 3400 1414 3455 tumido
1447 3400 1560 3454 situ

437 3493 702 3551 Christus
735 3507 798 3545 se
829 3489 1045 3563 pelago
1075 3489 1396 3557 ﬂuetivago
1441 3487 1636 3543 intulit

438 3583 604 3640 Sicco
633 3579 904 3650 vestigio,
939 3595 1123 3650 seque
1152 3594 1259 3651 per
1288 3593 1537 3650 (equora

437 3677 564 3729 Fert
588 3673 771 3726 ﬂuctu
801 3669 1029 3741 liquido
1060 3667 1364 3740 passibilis
1396 3668 1599 3732 maris,

435 3761 616 3818 Oﬂ'ert
643 3758 948 3830 discipulis
979 3773 1162 3828 seque
1195 3755 1605 3811 trementibus.

433 3849 594 3901 Tunc
625 3850 789 3901 artus
817 3844 1102 3900 tremulos
1131 3849 1387 3916 occupat
1416 3849 1472 3898 et
1503 3859 1708 3915 pavor,

436 3933 671 3988 Haerent
699 3932 1060 4005 discipulum
1094 3931 1277 3986 corda
1307 3931 1625 4003 stupentia.

433 4026 718 4092 Ignorant
741 4021 888 4093 quid
913 4025 1097 4090 agant
1122 4020 1240 4076 ﬁne
1273 4019 1384 4074 sub
1417 4020 1644 4075 ultimo.

431 4114 641 4168 Terror
669 4115 914 4184 pectora
943 4114 1034 4165 sat
1063 4108 1334 4165 verberat
1370 4108 1625 4179 algidus,

433 4199 672 4257 Clamor
695 4198 890 4255 sidera
920 4197 1120 4270 pulsat
1149 4197 1368 4252 nimius
1398 4197 1540 4270 poli.

430 4293 754 4362 Postquam
785 4303 847 4343 se
878 4287 1134 4343 innotuit
1162 4285 1470 4358 discipulis
1503 4289 1673 4354 Deus,

429 4378 727 4435 Praesiccis
755 4377 1011 4450 pedibus
1044 4381 1208 4432 stans
1240 4375 1427 4432 ﬂuido
1455 4377 1607 4432 mari

426 4471 631 4524 Petrus
662 4483 807 4523 mox
829 4465 1083 4522 Domino
1112 4464 1297 4522 verba
1327 4466 1604 4522 sonantia

429 4557 692 4630 Sumptis
723 4555 951 4611 viribus
980 4559 1037 4611 et
1065 4555 1281 4610 robore
1311 4555 1583 4627 praetulit.

427 4647 471 4703 Ο
496 4650 563 4702 tu
593 4645 820 4700 Christe
850 4649 1065 4717 potens
1093 4643 1326 4699 aetheris
1358 4649 1414 4699 et
1440 4645 1622 4700 maris

427 4735 484 4792 Si
513 4751 626 4790 nos
656 4739 861 4790 sancta
894 4733 1040 4789 adiit
1067 4748 1228 4787 nunc
1258 4732 1449 4805 pietas
1477 4738 1597 4795 tua,

423 4827 641 4895 Estque
675 4827 796 4878 tuta
825 4822 976 4878 tines
999 4821 1307 4889 omnibus,
1338 4827 1394 4875 et
1420 4821 1632 4892 proba,

421 4915 640 4969 Tecum
669 4927 917 4984 pergere
943 4926 1040 4965 me
1067 4909 1323 4981 prtecipe
1355 4925 1462 4981 per
1487 4927 1674 4966 mare.

421 5000 707 5072 Praecepti
738 4998 988 5071 imperio
1014 5014 1176 5053 nunc
1203 4996 1548 5066 vegetabilis

421 5089 744 5159 Indulgens
774 5089 932 5144 favet
960 5087 1073 5151 his,
1107 5091 1163 5142 et
1191 5085 1420 5141 retulit:
1457 5087 1613 5142 Veni.

421 5175 633 5231 Fidens
663 5176 723 5230 in
753 5176 1023 5243 Domino,
1052 5175 1156 5248 qui
1187 5174 1342 5247 potis
1369 5179 1458 5230 est
1488 5176 1668 5231 maris

417 5265 626 5318 Petrus
654 5280 916 5336 moxque
942 5270 1130 5321 ratem
1160 5264 1377 5320 deserit
1406 5265 1593 5334 ocius,

418 5353 488 5404 Et
515 5349 618 5403 dat
643 5351 961 5418 vestigium
993 5352 1272 5407 ﬂuctibus
1299 5353 1576 5424 aequoris.

415 5440 663 5492 Mentem
690 5437 1022 5506 perculerat
1050 5455 1144 5494 res
1174 5440 1490 5500 tremulam
1519 5457 1698 5512 nova,

415 5529 564 5581 Cum
595 5521 942 5578 discrimina
971 5531 1190 5595 pontus
1223 5529 1406 5583 movit
1441 5529 1640 5595 eﬂ‘era,

414 5611 719 5678 Quamdiu
745 5625 866 5664 non
892 5612 1206 5668 dubitavit.
1233 5616 1249 5635 “

412 5703 645 5756 Petrum
681 5698 1043 5755 sustulerant
1071 5714 1314 5770 aequora
1344 5704 1602 5772 turgida,

2218 2247 2438 2300 Mersus
2469 2259 2718 2315 corpore
2750 2245 2951 2298 Petrus
2982 2242 3180 2297 medio
3215 2242 3344 2297 salo

2219 2331 2482 2388 Clamat:
2515 2331 2787 2403 Deripere
2818 2331 3099 2386 ﬂuctibus
3128 2331 3240 2397 his,
3275 2333 3447 2386 Deus.

2219 2420 2432 2477 Christi
2461 2420 2705 2477 dextera
2734 2438 2876 2476 mox
2910 2437 3091 2492 quem
3122 2421 3321 2492 rapuit
3347 2437 3540 2487 sacra,

2219 2509 2368 2564 Dixit
2392 2527 2403 2564 :
2441 2532 2467 2558 ‹‹
2498 2510 2589 2564 Tu
2615 2510 2866 2564 modicae
2895 2526 3000 2564 cur
3028 2508 3166 2564 ﬁdei
3195 2509 3378 2565 modo

2215 2599 2491 2655 Nutando
2525 2599 2744 2654 titubas
2776 2604 2832 2654 et
2860 2598 3102 2654 dubitas
3133 2599 3280 2654 freto
3294 2601 3321 2653 ?
3352 2624 3378 2648 ››

2215 2689 2642 2745 Conscendunt
2668 2688 2890 2762 pariter
2916 2705 3058 2743 mox
3092 2692 3245 2744 Deus
3274 2693 3330 2744 et
3357 2692 3555 2745 Petrus

2214 2778 2448 2848 Navim,
2477 2777 2787 2850 discipulis
2815 2777 3049 2833 turbine
3080 2777 3366 2834 tristibus.

2212 2867 2443 2924 Cedunt
2471 2867 2756 2923 continuo
2784 2867 2964 2922 noxia
2995 2867 3265 2922 ﬂamina.

2280 2955 2521 3012 Dudum
2551 2972 2661 3011 nos
2691 2955 2941 3028 pelagus
2973 2955 3400 3028 praetumidum
3433 2955 3611 3012 nimis

2213 3045 2442 3101 Summi
2474 3045 2720 3101 numine
2751 3044 2963 3099 Christi
2991 3045 3460 3117 penetravimus.

2209 3133 2430 3188 Cursus
2455 3134 2583 3204 jam
2616 3134 2848 3189 medios
2881 3133 3241 3203 contigimus
3268 3133 3407 3189 fere.

2210 3221 2564 3294 Obpansum
2594 3223 2861 3295 undique
2895 3222 3115 3277 caelum
3143 3222 3411 3295 undique
3438 3222 3699 3278 cernitur

2209 3309 2352 3366 Hinc
2378 3310 2538 3381 hinc,
2568 3316 2747 3383 atque
2779 3311 2983 3366 minax
3014 3311 3303 3366 caeruleus
3333 3311 3548 3384 liquor.

2209 3399 2410 3454 Haurit
2434 3400 2684 3472 jamque
2713 3415 2903 3472 pavor
2928 3404 3170 3472 pectora
3198 3399 3440 3467 tristius,

2207 3487 2440 3544 Tollunt
2467 3505 2713 3561 aequora
2743 3489 2966 3544 molem
2997 3488 3242 3544 inscitia:
3268 3507 3419 3545 meae
3444 3507 3456 3544 :

2205 3578 2392 3650 (Ζωριὶ
2423 3579 2688 3651 poenitet,
2723 3583 2778 3635 et
2805 3579 2999 3646 taedet,
3030 3584 3085 3634 et
3115 3580 3229 3635 hoc
3259 3580 3438 3652 piget.

2208 3667 2493 3722 Summus
2525 3668 2749 3724 Christe
2780 3669 2957 3738 Deus,
2991 3685 3152 3723 nunc
3181 3669 3392 3725 faciem
3426 3675 3590 3725 tuam

2205 3753 2363 3809 Felix
2393 3755 2719 3828 poplitibus
2751 3756 3142 3829 pandeamini
3169 3763 3326 3830 peto.

2207 3845 2428 3914 Lapsas
2454 3844 2680 3916 respice
2711 3861 2847 3917 spes
2878 3845 3081 3900 fomite
3113 3845 3398 3901 numinis.

2206 3934 2484 3989 Sanctam
2516 3934 2752 4006 porrige
2779 3951 3029 3990 manum
3056 3952 3215 3991 nunc
3243 3937 3475 4009 trepido
3507 3937 3674 4006 mihi,

2203 4021 2432 4076 Possim
2464 4022 2753 4078 scandere
2782 4039 2906 4096 quo
2937 4029 3102 4092 gesta
3133 4024 3436 4096 micantia,

2205 4112 2455 4166 Summo
2483 4115 2536 4168 te
2567 4111 2740 4182 duce,
2775 4113 2860 4168 sic
2891 4118 2944 4168 te
2974 4112 3126 4169 duce
3157 4115 3398 4186 praevio,

2205 4202 2268 4255 Et
2293 4205 2441 4272 quot
2472 4206 2613 4256 sunt
2639 4201 2913 4257 mihimet
2938 4207 3108 4259 torva
3139 4203 3420 4274 pericula.

2201 4292 2451 4346 Mentem
2482 4289 2739 4362 septiﬁdi
2765 4296 3002 4347 nectare
3033 4292 3300 4364 Spiritus,

2202 4381 2266 4433 Et
2293 4395 2396 4434 cor
2424 4379 2698 4435 rethorici
2731 4380 2933 4436 fomite
2961 4381 3229 4451 gurgitis,

2200 4470 2265 4523 Et
2295 4467 2564 4537 linguam
2596 4469 2853 4525 trimodo
2883 4471 3202 4544 proloquio
3234 4477 3490 4545 struens,

2196 4560 2492 4627 Asperges
2520 4555 2776 4612 salubris
2806 4558 2964 4614 fonte
2997 4560 3254 4616 scientiae
3281 4579 3293 4627 ;

2198 4645 2482 4700 Narratus
2504 4645 2702 4702 brevis
2731 4652 2798 4703 ut
2823 4648 3014 4720 sitque
3040 4649 3394 4722 probabilis,

2196 4737 2385 4804 Atque
2417 4733 2555 4789 hinc
2582 4740 2767 4791 exstet
2793 4742 3034 4809 apertus
3059 4737 3290 4793 homini
3316 4739 3438 4794 scio

2196 4822 2383 4892 Hujus
2407 4823 2692 4893 historiae,
2724 4842 2913 4898 quam
2943 4827 3367 4884 reserabimus.

2193 4910 2442 4966 Partitus
2471 4911 2729 4969 brevitas
2761 4913 2982 4970 famine
3009 4914 3321 4987 splendeat

2193 5002 2255 5054 In
2289 5005 2411 5056 toto
2441 5001 2624 5059 niteat
2649 5019 2906 5076 quaeque
2939 5003 3153 5060 solutio
3181 5022 3192 5060 :

2191 5090 2468 5145 Nectatur
2496 5092 2698 5159 generi
2729 5092 2812 5147 sic
2838 5109 3082 5165 quoque
3115 5093 3390 5165 paucitas

2190 5178 2484 5247 Personae,
2516 5196 2710 5253 exque
2737 5180 2912 5247 datis,
2942 5187 3121 5254 atque
3149 5182 3388 5252 negotio

2190 5268 2473 5322 Sumatur
2497 5270 2648 5324 ratio
2681 5269 3114 5326 rhetoricabilis

2187 5355 2424 5425 Septem
2447 5372 2608 5412 nunc
2634 5357 2941 5413 elementis
2967 5360 3119 5415 bene
3151 5360 3429 5429 cognitis,

2185 5444 2562 5516 Decretisque
2593 5446 2993 5504 simultatibus
3021 5449 3328 5517 omnibus,

2183 5529 2264 5584 Te
2294 5531 2556 5587 donante
2590 5537 2742 5588 Deus
2770 5536 3002 5605 Virgine
3035 5554 3158 5610 qua
3195 5547 3379 5606 satus,

2179 5619 2326 5673 Cum
2359 5622 2525 5674 Patre
2553 5620 2836 5691 ingenito,
2866 5631 2922 5679 et
2952 5625 3212 5680 Flamine
3242 5643 3379 5681 cum
3413 5644 3609 5698 sacro,

2178 5707 2460 5778 Regnans
2492 5716 2819 5784 perpetuus
2850 5719 3067 5770 cuncta
3097 5714 3307 5770 videns
3345 5718 3517 5771 Deus.
