3878 6506
373 405 478 460 659
1338 403 1642 458 DUDONIS
1683 403 1938 457 DECANI
1982 400 2039 456 S.
2077 397 2383 462 QUINTINI
2423 397 2800 454 VIROHAND.
3707 395 3792 448 οοθ

371 528 582 584 Desine
606 533 762 596 vota,
791 543 1035 583 necesse
1067 527 1169 582 tibi
1199 527 1491 598 nobisque
1520 526 1726 580 frueris
2047 528 2093 580 Α
2125 521 2400 594 princeps
2423 520 2640 576 militiae
2665 523 2882 576 nostra:
2911 523 2976 578 ut
3023 517 3214 574 tilium
3266 515 3596 583 educavit,
3637 515 3787 571 mori-

371 617 606 676 Scmine
631 633 892 689 namque
918 621 1020 672 tuo
1049 618 1326 672 nascetur
1348 615 1471 670 dux
1495 614 1848 682 luculentus,
2121 609 2356 682 busque
2384 614 2438 664 et
2467 609 2676 664 studiis
2704 608 2844 664 belli
2866 607 3229 664 sufﬁcienter
3251 604 3580 666 instruxit.
3619 605 3784 672 Illum,

370 706 687 762 Ornandus
706 705 880 760 donis
909 704 1243 759 coelestibus
1272 703 1516 775 insuper
1533 702 1782 758 haustis.
2117 715 2350 772 precor,
2377 698 2567 769 eligite
2607 697 2824 756 ducem
2857 696 3032 754 vobis
3064 700 3120 752 et
3148 698 3605 768 protectorem,
3635 695 3782 766 patri-

368 795 610 852 Francia
642 793 890 849 miriﬁco
907 793 1079 864 cujus
1105 792 1218 847 sub
1237 791 1448 864 pollice
1477 792 1707 846 vultum
2117 788 2276 843 cium
2329 793 2384 842 et
2437 787 2736 842 comitem.
2794 784 3120 842 Subveniat
3160 783 3342 840 vobis
3385 782 3708 852 sagaciter
3740 785 3782 838 in

369 886 566 950 Ducet,
595 887 870 954 agetque,
902 887 1124 949 movet,
1157 881 1485 952 flectetque,
1521 880 1722 935 citabit
1747 883 2010 946 ovanter,
2117 876 2394 942 consiliis,
2423 876 2731 948 prositque
2756 875 2930 931 vobis
2947 877 3292 932 constanter
3310 872 3380 930 in
3401 871 3664 944 praeliis.
3717 872 3783 926 Ab

366 973 564 1026 Fretus
589 969 874 1041 martyrio
899 973 1220 1041 postquam
1246 969 1534 1037 migrabis
1566 969 1839 1040 Olympo.
2117 965 2473 1020 adversariis
2501 981 2608 1018 vos
2637 963 2922 1018 hostiliter
2946 966 3239 1035 protegat,
3271 977 3644 1034 pacemque
3660 961 3786 1015 inter

363 1058 591 1115 Arbiter
618 1058 886 1128 egregias
915 1057 1250 1114 moderabit
1277 1057 1566 1122 habenas,
2116 1071 2224 1110 vos
2262 1054 2609 1109 continuam
2656 1052 2924 1123 legaliter
2971 1051 3168 1110 faciat.
3203 1051 3575 1110 Monastiois
3605 1050 3782 1108 rebus.

365 1147 560 1218 Equa
577 1147 818 1202 librabit
840 1147 1133 1202 trutinans
1163 1150 1218 1200 et
1245 1145 1413 1200 lance
1439 1145 1713 1217 querelas
1747 1161 1758 1198 :
2116 1147 2178 1198 ut
2207 1142 2431 1198 dictum
2455 1147 2542 1196 est
2561 1141 2729 1212 mihi,
2762 1141 2887 1198 vult
2908 1157 2972 1196 se
2999 1139 3362 1211 mancipari,
3386 1138 3784 1210 theoricisque

362 1233 590 1288 Judicio
617 1238 907 1290 tormenta
935 1235 1049 1288 reis
1081 1232 1340 1304 impellet
1368 1238 1424 1287 et
1444 1249 1640 1303 tarpio,
2115 1236 2343 1286 mutato
2369 1230 2576 1285 habitu
2603 1229 2897 1286 subnecti.
2933 1251 2960 1279 η
2991 1232 3152 1286 Tunc
3178 1228 3446 1284 comites
3481 1228 3672 1299 hujus
3692 1243 3785 1281 res-

364 1322 642 1392 Largiﬂui
671 1323 817 1378 doni
839 1323 1012 1393 justis
1039 1327 1094 1378 et
1121 1322 1370 1394 praemia
1399 1321 1594 1376 dedet.
2113 1319 2422 1392 ponsionis
2451 1318 2734 1374 affamine
2790 1317 3027 1383 hilares,
3078 1316 3558 1388 responderunt
3612 1315 3785 1370 dicen-

362 1410 648 1466 Virtutum
675 1416 1100 1483 quaternarum
1132 1409 1356 1482 passim
1384 1425 1599 1478 aggere
1629 1414 1816 1479 actus,
2118 1413 2198 1463 tes
2231 1425 2242 1462 :
2275 1431 2300 1454 ‹‹
2341 1407 2434 1462 Ille
2457 1407 2630 1462 nobis
2663 1406 2771 1461 erit
2797 1405 2921 1460 dux
2951 1404 3372 1462 haireditarius
3407 1409 3472 1461 et
3525 1410 3785 1478 opportu-

363 1498 709 1554 Distinctum
739 1499 935 1554 nitidis
962 1499 1211 1554 rutilans
1235 1499 1514 1554 diadema
1543 1497 1762 1552 .bet'illis
2113 1513 2248 1564 nus,
2289 1497 2536 1568 ejusque
2593 1496 2912 1564 dignanter
2955 1494 3548 1564 obtemperabimus
3591 1510 3784 1568 praece-

360 1587 612 1642 Emerito
643 1587 850 1659 capitis
881 1592 1120 1657 gestans
1150 1587 1212 1642 in
1237 1587 1450 1642 vertice
1481 1586 1687 1648 sancti,
2113 1591 2236 1658 pto,
2273 1586 2582 1657 gentisque
2611 1585 2940 1640 Franciscae
2967 1599 3228 1653 regnum
3280 1583 3604 1642 faciemus
3635 1584 3688 1638 ei
3712 1599 3785 1638 ac-

361 1675 614 1730 Scandet
643 1675 718 1731 ad
748 1676 1024 1747 Elyseum
1067 1675 1306 1744 dignus,
1337 1675 1564 1732 Christo
1611 1675 1782 1741 duce,
1844 1688 2006 1727 eam-
2113 1674 2374 1730 clivium.
2410 1699 2435 1722 ››
2474 1677 2600 1728 Dux
2651 1678 2850 1728 autem
2884 1688 3137 1728 suorum
3181 1671 3462 1735 militum
3497 1672 3698 1734 Verbis
3724 1672 3785 1726 ta—

1743 1761 1930 1834 [pum.
2114 1765 2377 1818 ventium
2420 1764 2540 1817 suis
2603 1761 3013 1818 voluntatibus
3061 1761 3290 1828 hilaris,
3347 1762 3657 1834 pracepit
3707 1763 3785 1815 Bo-

428 1853 575 1907 Cum
603 1853 1222 1925 autem,praeveniente
1244 1853 1433 1922 gratia
1453 1851 2006 1919 divinitatis,secun-
2046 1869 2086 1923 Β
2113 1853 2276 1907 thoni
2316 1852 2534 1906 militiae
2557 1851 2831 1923 princnpi,
2865 1857 2927 1906 ut
2956 1849 3288 1910 adduceret
3341 1865 3536 1923 spem
3579 1849 3780 1924 populi.

355 1940 501 1994 dum
529 1940 678 1996 vires
699 1941 886 1996 {etatis
913 1941 1159 2012 polleret
1188 1939 1364 1996 titulis
1395 1941 1562 1996 istius
1586 1939 1864 1995 bonitatis
1886 1938 2006 1993 eni-
2115 1941 2335 1995 scilicet
2365 1939 2742 1996 Guillelmum
2767 1939 3208 1998 adolescentem
3245 1938 3386 1996 sibi.
3439 1940 3640 1998 Botho
3669 1955 3780 1994 vero

356 2033 617 2101 teretque
644 2029 956 2084 afﬂuenter
981 2029 1190 2084 studiis
1251 2030 1573 2085 sanctitatis
1603 2048 1613 2084 :
1651 2029 2006 2083 Nortlunan-
2113 2029 2186 2084 ad
2219 2035 2448 2101 patrem
2481 2029 2743 2084 celeriter
2775 2027 3156 2084 Guillelmum
3179 2027 3471 2094 adduxit,
3497 2029 3780 2086 accersitis

355 2133 570 2172 norum
600 2118 1134 2190 Britannorumque
1162 2118 1846 2190 comites,principesque
1865 2131 2008 2169 una-
2112 2119 2480 2190 principibus
2509 2117 2684 2172 totius
2715 2117 2900 2184 regni.
2925 2119 3089 2175 Tunc
3108 2115 3566 2174 charissimam
3595 2117 3781 2190 pignus

355 2205 590 2260 nimiter
618 2205 678 2260 in
722 2222 911 2260 unum
968 2211 1390 2272 convenerunt,
1447 2205 1714 2278 quidque
1766 2209 2009 2273 agerent
2113 2209 2340 2278 excepit
2369 2207 2702 2262 amabiliter
2731 2206 3028 2274 benignus
3065 2210 3262 2276 pater,
3319 2212 3528 2278 utque
3559 2207 3649 2262 fas
3684 2210 3780 2260 erat

357 2293 648 2348 decreturi
675 2293 750 2349 ad
782 2294 1038 2349 invicem
1067 2294 1344 2350 dixerunt
1375 2309 1388 2348 :
1425 2297 1550 2348 Dux
1607 2297 1824 2354 noster,
1860 2291 2006 2345 scili-
2113 2297 2426 2368 amplexus
2453 2302 2538 2351 est
2569 2295 2838 2360 dulciter,
2866 2295 3276 2368 praesagitque
3305 2296 3628 2367 spirituali
3650 2311 3784 2351 men-

357 2387 448 2438 cet
476 2383 661 2452 Rollo,
693 2382 796 2456 qui
817 2388 873 2438 et
902 2383 1235 2451 Rotbertus,
1267 2383 1452 2438 nimio
1479 2382 1774 2437 bellorum
1804 2381 2006 2434 labore
2115 2391 2165 2440 te
2199 2402 2390 2440 annos
2424 2385 2685 2458 pueritiae
2715 2385 2882 2440 illum
2914 2399 3036 2444 non
3064 2385 3474 2443 mediocriter
3507 2391 3779 2444 transcen-

355 2471 719 2526 incessanter
744 2471 997 2541 attritus,
1027 2471 1418 2543 plurimisque
1471 2469 1773 2524 aestuantis
1828 2468 2006 2522 maris
2113 2475 2272 2530 dere,

354 2559 630 2632 periculis
653 2560 956 2629 fatigatus,
991 2576 1380 2631 aerumnaque
1431 2559 1652 2614 crebrae
1683 2557 2008 2626 navigatio-
2115 2561 2466 2618 Gaudebant
2492 2561 2694 2626 ambo,
2730 2561 3078 2616 Guillelmus
3099 2561 3338 2616 honore
3374 2567 3665 2634 paterno,

355 2648 446 2704 nis
476 2647 754 2716 afﬂictus,
813 2649 1262 2720 innumerisque
1312 2645 1858 2720 pernoctationibus

2116 2655 2179 2706 Et
2205 2655 2372 2722 pater
2401 2650 2650 2719 insignis
2681 2649 2972 2705 Guillelmi
2997 2665 3069 2704 ex
3091 2649 3335 2704 actibus
3361 2650 3579 2707 almis.

353 2737 559 2804 fectus,
592 2738 974 2810 pluriumque
991 2738 1305 2810 plagarum
1337 2736 1622 2791 livoribus
1651 2736 2004 2798 inﬁrmatus,
2115 2744 2380 2795 Cernuus
2414 2740 2508 2794 hic
2541 2739 2706 2793 senio
2735 2738 3048 2810 probitatis
3078 2737 3250 2810 prole
3278 2739 3635 2808 gaudebat,

352 2826 578 2882 viribus
606 2826 942 2883 inﬁrmitate
965 2827 1270 2882 evacuatis
1303 2824 1806 2896 exhaustus,quin
1829 2823 2009 2878 etiam
2115 2832 2182 2883 Et
2205 2827 2440 2882 soboles
2465 2827 2766 2882 luculenta
2793 2825 2982 2883 aetatis
3021 2831 3192 2900 patre
3223 2831 3530 2888 vetustae.

353 2911 624 2980 grandivi
650 2911 797 2967 situs
827 2909 1210 2968 diuturnitate
1239 2913 1653 2980 consumptus,
1703 2924 1826 2964 non
1853 2906 2010 2962 valet
2116 2917 2214 2971 Hic
2241 2916 2354 2970 cito
2383 2931 2705 2970 scausurus
2737 2913 2954 2968 emtum
2984 2912 3059 2968 de
3091 2918 3240 2969 teste
3272 2913 3529 2974 futuro,

353 3015 538 3069 regno
585 3000 825 3056 alterius
871 2999 1140 3057 auxiliari
1181 3004 1237 3054 et
1289 2998 1628 3065 defendere,
1675 2997 1906 3068 sibique
1955 2999 2011 3050 et
2119 3004 2214 3059 Hic
2247 3008 2562 3058 renaturus
2589 3002 2816 3058 mundo
2840 3001 3337 3070 genitor-ebeno.

351 3088 528 3144 nobis
549 3087 915 3144 conﬁdenter
936 3104 1197 3160 praeesse
1226 3092 1284 3142 et
1307 3087 1612 3158 prodesse.
1635 3085 2010 3141 Sciscitemur
2119 3093 2563 3165 Amplexusque
2593 3107 2796 3146 sacros
2826 3107 2862 3146 a
2893 3122 2900 3130 κ
2932 3090 3213 3164 plexibus
3243 3091 3310 3148 ω
3340 3093 3734 3164 replicantes,

355 3189 543 3270 quem
571 3175 634 3231 in
661 3191 848 3244 regno
875 3175 1332 3270 praeliisadepto
1361 3174 1661 3270 haeredem
1823 3173 2008 3242 elege-
2047 3214 2089 3270 ο
2119 3181 2248 3237 Oris
2278 3179 2545 3235 mellitlui
2572 3178 2843 3234 libabant
2871 3177 3081 3236 oscula
3110 3195 3386 3253 semper.

356 3265 448 3333 rit,
481 3281 786 3338 quemque
811 3265 987 3320 nobis
1019 3264 1282 3320 habilem
1297 3263 1705 3336 praeposuerit.
1729 3266 1822 3318 Est
1846 3278 2014 3318 nam-
2053 3263 2089 3270 “
2119 3273 2424 3325 Gratantes
2449 3267 2669 3339 pariter
2700 3267 2929 3336 genitor
2960 3266 3332 3340 sobolesque
3353 3269 3628 3326 resedit.

354 3369 474 3426 que
503 3353 556 3408 ei
584 3353 740 3408 ﬁlius
769 3352 1146 3409 nobilissima
1195 3355 1555 3408 Francorum
1592 3351 1768 3422 stirpe
1799 3365 2010 3423 proge-
2192 3361 2354 3414 Tunc
2393 3356 2578 3425 R0110,
2633 3355 3006 3431 principibus
3061 3357 3431 3413 convocatis
3509 3361 3782 3416 secretius.

357 3441 536 3509 nitus,
579 3441 682 3514 qui
713 3446 770 3498 et
801 3457 1048 3514 corpore
1079 3440 1392 3510 vegetabili
1434 3439 1714 3510 sospitate
1746 3443 2014 3507 Vigorato
2119 3443 2264 3502 dixit
2284 3444 2658 3518 postulativis
2715 3444 2911 3500 verbis
2957 3443 3294 3502 omnibus:
3355 3468 3390 3495 ε(
3428 3450 3591 3504 Ecce
3643 3461 3785 3522 quem

357 3531 856 3602 elegantissimus,
887 3547 1188 3604 sensuque
1233 3530 1628 3602 plurimarum
1679 3527 1887 3582 studiis
1932 3543 2018 3582 re-
2118 3533 2434 3606 requiritis,
2467 3549 2602 3588 ecce
2659 3533 2848 3588 haeres
2901 3538 3119 3588 nostrae
3173 3536 3640 3606 possessionis,
3685 3548 3786 3590 ecca

357 3635 493 3678 rum
523 3622 841 3678 informata
871 3620 1282 3694 peritissimus.
1317 3621 1572 3675 Favente
1598 3623 1786 3691 patre,
1840 3617 2016 3673 nobis
2120 3621 2226 3694 qui
2256 3621 2489 3693 praeerit
2514 3620 2705 3676 vobis.
2740 3620 2852 3682 Isti,
2881 3620 3055 3676 vobis
3085 3620 3484 3690 faventibus,
3534 3624 3702 3680 trado
3725 3637 3786 3676 re-

355 3711 592 3779 ducem,
649 3725 909 3783 eumque
961 3709 1351 3783 praferamus
1403 3707 1578 3764 nobis
1612 3707 1928 3780 patricium
1960 3710 2018 3761 et
2121 3727 2329 3780 gnum,
2362 3709 2564 3765 labore
2593 3712 3009 3775 certaminum,
3042 3709 3407 3783 sudoreque
3471 3713 3784 3788 praeberem

357 3799 654 3856 comitem.
697 3799 882 3870 Hujus
919 3797 1096 3868 igitur
1143 3797 1374 3854 consilii
1425 3797 1868 3868 dispensatione
1925 3811 2014 3849 re-
2121 3799 2427 3870 adeptum.
2466 3802 2576 3852 Iste
2599 3797 2726 3853 vice
2751 3798 2870 3854 mei
2899 3796 3324 3857 dominabitur
3378 3802 3592 3876 hujus
3617 3801 3786 3873 genus

355 3894 546 3962 perte,
576 3888 722 3960 quin
747 3888 870 3943 imo
893 3886 1318 3958 omnipotentis
1345 3886 1444 3944 Dei
1481 3885 1872 3956 dispensante
1898 3883 2015 3939 cle-
2121 3888 2434 3958 haeresque
2488 3886 2596 3940 erit
2653 3887 3002 3958 praedignus
3056 3892 3281 3944 nostra:
3347 3889 3785 3951 dominationis.

359 3977 602 4043 mentis,
632 3980 925 4031 venerunt
947 3976 1264 4031 unanimes
1293 3975 1370 4030 ad
1402 3973 1768 4036 Rotbertum,
1802 3973 2016 4030 Rotho-
2124 3977 2293 4030 istius
2323 3975 2598 4030 virtutem
2649 3974 2987 4040 imitamini,
3020 3979 3434 4050 quantusque
3466 3982 3590 4038 erit
3616 3991 3788 4056 praesa-

363 4063 636 4134 magensi
659 4063 798 4118 sede
824 4079 1074 4120 annosa
1122 4063 1333 4120 aetatis.
1365 4063 1530 4118 senio
1585 4062 1830 4130 fessum,
1869 4061 2015 4116 leni-
2124 4081 2200 4134 go
2259 4064 2468 4137 spiritu
2514 4063 2846 4120 intuemini.
2904 4063 3160 4133 Legibus
3207 4069 3266 4120 et
3310 4070 3580 4128 statutis
3619 4080 3789 4129 nostra

363 4163 485 4225 qua
513 4163 809 4222 sermone,
863 4151 1284 4222 submissoque
1341 4150 1507 4205 vultu
1563 4150 1639 4205 ad
1671 4165 1808 4204 eum
1855 4149 2017 4205 dixe-
2125 4159 2466 4210 constanter
2497 4152 2900 4218 auxiliabitur,
2951 4153 3175 4226 jusque
3205 4159 3265 4210 et
3321 4155 3668 4216 decretum
3691 4172 3790 4212 nes-

365 4246 503 4297 runt
530 4255 544 4296 :
575 4257 604 4288 κ
633 4240 882 4297 Domine
906 4241 1030 4296 dux
1062 4239 1618 4312 prmpotentissime,
1653 4238 1850 4292 senilis
1877 4243 2017 4293 aeta-
2129 4250 2306 4312 trum,
2337 4243 2452 4299 hoc
2480 4243 2810 4316 superstite,
2843 4259 2968 4301 non
3017 4242 3324 4300 delebimr
3359 4262 3376 4302 ;
3415 4264 3544 4305 vos
3592 4257 3791 4324 quoqua

365 4331 438 4386 tis
469 4329 818 4400 aggravaris
844 4327 1326 4401 inoportunitate,
1359 4327 1582 4399 tibique
1609 4331 1665 4382 et
1693 4327 1865 4382 nobis
1894 4341 2019 4382 non
2126 4339 2301 4403 terra,
2323 4349 2508 4404 quam
2529 4337 2682 4388 sorte
2715 4332 2850 4387 dedi
2871 4333 3042 4388 vobis
3067 4347 3192 4387 non
3215 4333 3789 4412 frustrabitdnsupﬂ

366 4424 535 4492 pones
564 4414 880 4474 salubriter
907 4415 1240 4473 subvenire.
1292 4419 1510 4474 Externa
1566 4421 1768 4486 gentes
1799 4415 2019 4471 idcirco
2129 4421 2406 4488 :ugcndo
2465 4419 2795 4491 ampliabit.
2865 4421 3247 4494 Quapropter
3295 4439 3557 4482 manus
3615 4432 3792 4485 vestras

363 4509 490 4580 jam
520 4519 632 4563 nos
661 4506 958 4578 afﬂigunt,
983 4506 1554 4610 nostraquepcnitus
1575 4505 1686 4560 sibi
1701 4504 2016 4602 diripi-unt.
2051 4555 2096 4610 Β
2129 4509 2318 4579 gratia
2347 4507 2652 4564 servandae
2710 4506 3011 4566 ﬁdelitatis
3059 4509 3363 4566 manibus
3430 4513 3638 4587 hujus
3680 4515 3789 4568 datr.

369 4599 520 4652 inter
545 4608 656 4652 n03
691 4595 1013 4652 divortium
1069 4598 1250 4666 atque
1296 4593 1565 4650 duellum
1618 4593 1830 4661 agitur,
1881 4610 2018 4660 con—
2051 4593 2095 4610 ”
2128 4601 2469 4670 nostraeque
2493 4595 2632 4651 ﬁdei
2665 4602 3040 4654 sacramento
3067 4594 3259 4653 ﬁdem
3290 4601 3606 4662 continui
3625 4601 3819 4671 inscia

367 4694 615 4758 sorsque
645 4689 709 4740 ut
737 4684 810 4740 sit
834 4700 1090 4754 regnum
1111 4699 1236 4739 non
1263 4683 1574 4748 stabilitur,
1606 4681 1861 4754 ideoque
1906 4698 2017 4753 pu—
2127 4685 2382 4756 bilisque
2413 4683 2650 4753 servitii,
2683 4689 2741 4738 et
2759 4683 3128 4741 militationis
3149 4683 3269 4742 isti.
3304 4703 3580 4764 precor,
3613 4691 3786 4749 tacita
3817 4699 3820 4764 ρ

369 4757 526 4829 blicn
547 4785 642 4829 res
665 4773 975 4830 annullata
988 4773 1342 4845 dissipatur;
1373 4771 1526 4840 elige
1542 4770 1718 4840 igitur
1741 4769 1845 4842 qui
1864 4787 2018 4843 pree-
2131 4775 2228 4832 His
2259 4773 2428 4828 dictis
2459 4775 2824 4842 Berengerus
2876 4789 3103 4839 comes,
3137 4778 3197 4830 et
3247 4757 3573 4848 Alannus'
3605 4781 3791 4856 ρδιιὶιτς.

369 4861 446 4918 stt
463 4865 519 4918 et
545 4861 732 4935 prosit
753 4861 931 4918 nobis
948 4876 1286 4934 precamur,
1301 4861 1516 4932 cuique
1539 4858 1852 4927 diligenter
1878 4858 2019 4914 sub-
2131 4862 2443 4934 cmterique
2465 4861 2749 4924 Britones,
2774 4877 2889 4917 nec
2915 4877 3037 4916 non
3057 4850 3670 4934 Northmannorurn
3687 4869 3790 4940 pris-
3815 4850 3820 4912 Ῑ

367 4947 648 5056 licinium-
677 4954 780 5018 ;ut
804 4955 867 5006 et
887 4949 1015 5022 ipse
1042 4949 1122 5005 sit
1145 4949 1342 5056 nobis,
1369 4947 1786 5005 advocationis
1829 4947 2020 5056 gradu
2133 4950 2311 5022 cipes,
2336 4948 2733 5004 subdiderunt
2753 4965 2814 5006 se
2834 4950 3104 5006 volentes
3127 4949 3480 5013 Guillelmo
3495 4964 3780 5018 unanima

368 5038 496 5094 dux
522 5043 581 5096 et
603 5039 907 5112 patricius,
933 5051 1168 5110 nosque
1191 5037 1590 5110 obsequenter
1623 5041 1684 5092 et
1701 5035 2022 5108 personali-
2126 5039 2470 5111 juramento
2497 5053 2681 5092 sacrae
2709 5036 2850 5093 ﬁdei
2876 5036 2959 5096 illi
2985 5053 3050 5092 se
3074 5037 3584 5118 colligaveruut,
3605 5058 3785 5108 marg:-

372 5131 460 5183 ter
491 5127 542 5184 ei
572 5127 913 5184 militamus.
949 5149 978 5178 υ
1027 5130 1189 5184 Tunc
1241 5125 1408 5184 Rollo
1458 5125 1834 5182 humillimus
1886 5141 2020 5180 suo-
2129 5141 2248 5198 que
2270 5141 2409 5181 suas
2430 5125 2712 5182 manibus
2757 5125 2916 5182 illius
2961 5126 3083 5182 vice
3111 5127 3323 5184 cordis
3350 5131 3702 5195 dederunt.
3733 5133 3793 5183 Vc

372 5232 508 5272 rum
529 5216 726 5272 verbis
753 5221 1014 5282 coactus,
1041 5215 1392 5287 bujusmodi
1420 5212 1909 5286 responsionibus
1937 5218 2024 5268 est
2131 5219 2462 5286 veruntque
2493 5231 2554 5270 se
2581 5213 2962 5279 militaturos,
2993 5218 3341 5288 contraque
3381 5221 3696 5283 ﬁnitimas
3707 5237 3792 5291 ge:-

375 5320 624 5361 exorsus
655 5323 668 5360 :
697 5305 1038 5370 «Quoniam
1064 5319 1307 5362 omnem
1335 5303 1732 5362 valetudinem
1750 5302 2026 5372 longaeva
2132 5309 2218 5358 tes
2249 5301 2666 5360 debellaturos.
2701 5303 2789 5358 Ab
2815 5303 2955 5360 hinc
3015 5319 3299 5378 namque
3337 5321 3621 5382 peracto

375 5395 546 5448 aetate
571 5391 791 5446 ιιὼηί
813 5409 938 5449 non
959 5393 1267 5465 ignoratis,
1295 5407 1513 5464 meque
1543 5407 1666 5448 non
1702 5390 2025 5462 praevalere
2128 5391 2300 5447 .lustri
2329 5391 2544 5463 spatio,
2577 5391 2820 5448 Bollone
2841 5391 3153 5462 defuncto,
3199 5400 3265 5451 et
3287 5397 3366 5456 in
3420 5403 3667 5463 scelesti
3704 5401 3776 5456 se;

379 5479 662 5551 amplius,
713 5491 908 5550 neque
959 5483 1246 5554 prodesse
1303 5481 1476 5538 vobis
1527 5479 1784 5546 cernitis,
1829 5485 2024 5536 vestro
2134 5480 2396 5546 feliciter,
2425 5484 2489 5535 ut
2532 5480 2854 5548 credimus,
2898 5487 3217 5552 coronato,
3279 5489 3712 5552 Northmanni
3737 5504 3775 5562 ις

380 5565 650 5634 consilio,
671 5571 991 5639 vestroque
1012 5570 1236 5639 judicio
1264 5571 1655 5628 constituatur
1683 5568 1808 5624 dux
1832 5568 2024 5638 vobis,
2133 5570 2272 5626 riter
2296 5573 2351 5624 et
2379 5569 2640 5629 Britanni
2665 5569 2727 5624 in
2778 5585 2969 5628 unum
3014 5586 3486 5650 convenerunt,
3547 5589 3780 5640 tenore:

379 5655 486 5730 qui
511 5653 719 5745 praesit
741 5655 999 5712 studiose
1025 5663 1084 5714 et
1125 5661 1332 5730 prosit,
1359 5665 1426 5716 ut
1481 5658 1858 5732 usquemodo
1911 5674 2025 5728 ego
2135 5673 2253 5730 que
2282 5657 2420 5712 ﬁdei
2447 5657 2755 5714 Guillelmo
2781 5657 3362 5730 praecellentissimo
3396 5668 3550 5730 duci
3583 5677 3644 5727 et
3669 5678 3790 5745 Ρω-

379 5741 682 5802 vobis.Est
706 5754 968 5814 namque
995 5745 1143 5800 mihi
1167 5748 1325 5804 titius
1356 5750 1717 5818 Fraacigeno
1739 5747 2028 5804 nobilissi-
2135 5747 2248 5812 cio,
2278 5747 2654 5802 ﬁrmamento
2681 5764 2803 5802 suae
2835 5747 2974 5804 ﬁdei
3007 5749 3244 5810 iterum
3273 5741 3765 5819 sanxerunth;

382 5849 495 5890 mea
555 5830 962 5904 generositatis
1013 5835 1238 5892 semine
1283 5842 1553 5906 exortus,
1601 5852 1794 5909 quem
1836 5837 2021 5892 Botho
2131 5842 2270 5910 ptus
2327 5835 2630 5910 siquidem
2666 5835 2910 5899 culmen
2969 5839 3126 5898 tanti
3184 5842 3486 5928 honoris,
3528 5857 3591 5912 et
