3878 6376
31 310 111 359 tit}!

32 431 161 487 latis,
187 428 537 498 constipatus
564 429 913 487 dignissime
946 430 1263 483 comitibus
1332 428 1640 482 militibus-
1680 434 1725 482 Α

42 538 129 589 [ne
152 518 463 585 condignis,
504 519 660 572 vovit
692 520 917 571 tlln‘isto
942 537 1001 571 se
1033 536 1285 583 regnum
1330 518 1643 571 auxiliatu-

31 625 165 673 rum,
196 607 445 676 nullique
478 623 743 677 unquam
779 610 1067 661 facturum
1102 609 1515 678 prirjndicium
1568 606 1648 658 ul-

32 716 155 749 .um.
192 700 307 749 lirat
336 712 597 765 namque
628 696 848 750 ditatus
882 698 1207 749 honoribus
1241 696 1647 751 sanctimonia:

32 796 67 839 3t
103 786 556 851 nnigniliceutiie,
609 785 931 839 illustratus
964 786 1337 839 commerciis
1396 787 1653 857 pruden-

32 878 104 929 .itt‘.
134 881 181 928 et
207 875 460 941 cautelae,
504 878 687 928 sancti
743 875 989 944 Spiritus
1045 876 1357 929 clementia
1387 890 1653 945 pl‘it‘t'lln-

32 984 87 1018 .e.
122 968 353 1017 'l‘errena
401 964 580 1031 hujus
643 964 841 1015 sireuli
898 964 1101 1017 animo
1154 963 1650 1033 parvipeudebat,

31 1051 179 1104 sicuti
208 1050 259 1103 in
286 1050 533 1120 pueritia
552 1049 887 1104 devoverat.
950 1052 1214 1115 Legibus
1244 1051 1503 1121 paternis
1551 1065 1654 1119 po-

32 1149 219 1215 ξιιιίιιω
271 1154 505 1200 strenue
551 1147 813 1215 regebat,
870 1148 1083 1218 hisque
1156 1165 1285 1201 reos
1349 1146 1653 1217 suppliciis

40 1236 347 1291 lamnabat.
382 1238 515 1290 Vita!
544 1238 877 1291 innocentis
909 1238 1175 1301 regulam
1210 1238 1450 1290 sedulus
1504 1242 1655 1290 tene-

44 1332 133 1389 .at,
168 1325 561 1379 ecclesiasticm
596 1326 1053 1395 dispensationis
1096 1326 1503 1393 gubernacula
1557 1326 1657 1378 lai-

32 1415 121 1469 :ali
148 1414 343 1467 ordine
378 1417 667 1477 sagaciter
699 1415 1173 1469 administrabat.
1209 1415 1401 1468 Animi
1450 1431 1654 1484 corpo-

32 1507 204 1573 'isque
234 1503 437 1557 virtute
470 1504 751 1557 omnibus
789 1505 1182 1574 preeeellcbat,
1232 1522 1425 1557 rerum
1461 1505 1654 1557 foren-

32 1595 165 1646 .ium
193 1592 499 1661 prudentia
532 1609 741 1646 omnes
773 1593 1190 1663 exsuj'icrabat.
1231 1596 1400 1646 Bome
1452 1593 1661 1645 volun-

35 1682 147 1736 atis
174 1681 439 1751 exemplo
469 1697 678 1734 omnes
704 1683 1086 1749 inf'ormabat,
1110 1683 1379 1736 doctrina
1434 1682 1657 1753 patien-

36 1772 101 1823 ize
131 1776 184 1823 et
215 1770 506 1833 religionis
533 1787 744 1823 omnes
764 1773 1035 1835 cogebat.
1058 1777 1351 1825 tionstans
1376 1772 1659 1825 defensor
1693 1783 1728 1831 Β

32 1864 133 1913 Τἂῖ
162 1860 217 1912 in
248 1859 529 1925 adversis,
562 1860 908 1913 conciliator
940 1860 1366 1919 sagacissimus
1401 1862 1456 1914 in
1494 1877 1658 1931 pros-

32 1948 185 2002 ieris.
212 1948 423 2000 Veritas
448 1952 507 2000 et
534 1947 719 2011 gloria
746 1948 801 2000 in
841 1949 1023 2001 domo
1086 1950 1235 2015 ejus,
1295 1950 1545 2019 aequitas
1602 1955 1655 2003 et

36 2034 225 2089 ustitia
252 2035 308 2089 in
332 2035 613 2104 operibus
644 2036 789 2103 ejus.
829 2039 1111 2091 Sermone
1143 2038 1395 2090 veritatis
1448 2054 1655 2103 argue-

34 2131 110 2179 iat
158 2124 585 2194 delinquentes,
629 2125 999 2195 correptione
1046 2126 1417 2179 severissima
1475 2128 1657 2179 incre-

32 2213 459 2268 labatdesides.
498 2218 643 2268 Cum
696 2220 895 2267 autem
943 2215 1158 2268 talibus
1218 2233 1488 2285 superine
1544 2217 1659 2268 dis-

32 2302 366 2356 mnsationis
412 2302 764 2355 muneribus
821 2303 1228 2357 abundantius
1258 2304 1520 2374 polleret,
1556 2305 1657 2357 bo-

32 2408 214 2461 ia-que
246 2390 490 2444 actionis
522 2408 640 2443 suae
676 2392 832 2444 fama
862 2408 1011 2461 pene
1036 2409 1140 2463 per
1168 2394 1518 2447 universum
1560 2410 1654 2447 or-

32 2500 138 2533 .em
163 2479 489 2541 largissime
515 2481 825 2549 propalata
848 2481 1260 2543 crebresceret,
1295 2487 1559 2537 tenorem
1594 2484 1655 2535 fi-

32 2570 95 2623 tei
130 2585 311 2639 quam
344 2568 743 2638 promiserant
769 2569 1002 2638 penitus
1034 2569 1401 2623 abdicantcs.
1462 2587 1657 2641 cmpe-

35 2664 141 2713 unt
169 2662 368 2711 contra
391 2656 770 2710 Gnillelmum
788 2658 1003 2709 ducem
1033 2675 1161 2709 esse
1186 2659 1451 2711 rebelles.
1474 2661 1654 2725 llujus

41 2762 263 2817 amque
294 2746 657 2801 inaestimatze
690 2746 986 2816 opinionis
1014 2746 1230 2800 veritas
1259 2764 1396 2800 cum
1429 2750 1501 2800 ad
1552 2764 1656 2801 no-

42 2838 189 2891 tiam
238 2834 421 2904 ipsius
468 2833 987 2905 praepotentissimi
1035 2834 1205 2887 ducis
1266 2836 1652 2905 pervenisset,

38 2926 157 2980 iisit
185 2923 409 2990 legatos
441 2940 579 2976 suos
610 2924 686 2977 ad
722 2925 1001 2985 Britones,
1038 2929 1098 2977 ut
1125 2924 1533 2994 resipiscerent
1566 2942 1653 2978 ce.-

32 3017 210 3077 ειιὶῐθῐ,
240 3017 293 3066 et
322 3012 877 3067 venirentfamulari
912 3012 1017 3065 sibi
1056 3014 1343 3066 Hothomo
1377 3014 1655 3067 festinan—

32 3123 97 3159 δι’.
140 3102 217 3157 llli
258 3108 453 3157 autem
508 3102 565 3155 in
624 3102 983 3155 infidelitatis
1039 3119 1162 3155 sine
1216 3104 1657 3172 perseverantia
1691 3138 1729 3186 ίΣ

32 3190 278 3249 .ultitius
309 3194 769 3258 conimorantcs,
802 3191 1029 3253 legatos
1066 3191 1418 3245 remiserunt
1449 3192 1523 3245 ad
1552 3192 1659 3245 du-

34 3300 124 3337 ,em
158 3280 557 3347 (iuillelmum,
592 3279 854 3333 dicentes
890 3298 900 3333 :
938 3302 963 3327 ‹‹
994 3284 1115 3333 i\'on
1144 3280 1527 3334 militabimus
1552 3282 1654 3336 tibi

33 3374 147 3426 ltra
175 3382 283 3421 nec
312 3367 761 3431 f'amulabimus,
792 3368 934 3437 quia
962 3367 1074 3421 sub
1100 3368 1349 3439 imperio
1394 3370 1656 3423 Francis-

36 3478 69 3511 ρ
100 3455 535 3512 dominationis
569 3472 804 3527 semper
838 3456 1115 3510 viximus.
1156 3456 1317 3511 [tollo
1350 3474 1489 3510 vero
1522 3464 1655 3512 tuus

44 3548 247 3609 -nitor,
284 3544 656 3611 conglobatis
716 3543 1111 3597 barbarorum
1164 3545 1656 3617 advenarumque

34 3635 206 3693 ,rmis
242 3633 547 3688 Franciam
580 3632 723 3687 olim
770 3632 1003 3699 invasit,
1060 3638 1116 3686 et
1174 3638 1412 3701 terram,
1468 3652 1653 3704 quam

43 3728 176 3782 otto
206 3723 503 3793 possides,
543 3728 603 3776 ut
632 3720 915 3793 paciﬁcus
957 3736 1139 3784 regno
1170 3727 1345 3785 esset,
1365 3723 1469 3777 tibi
1498 3726 1655 3787 regis

34 3832 150 3871 )no
188 3812 523 3883 acquisivit.
548 3815 720 3867 Terra
752 3826 912 3875 vero,
946 3826 1131 3879 quam
1183 3816 1471 3879 tenemus,
1532 3830 1654 3867 non

79 3904 235 3961 data
268 3902 373 3954 fuit
413 3901 472 3955 in
513 3900 821 3954 hieredum
880 3915 1125 3953 suorum
1182 3900 1650 3970 possessionem,

35 3995 81 4047 d
121 3988 416 4045 attributa
446 3989 652 4043 tandiu
684 3993 745 4042 ut
769 4004 839 4043 ex
868 4004 935 4042 ea
962 3988 1197 4051 viveret,
1230 3988 1419 4042 donec
1453 3989 1653 4042 reaadi-

34 4084 269 4138 :aretur
301 4084 471 4143 terra,
502 4093 685 4148 quam
720 4076 881 4130 dono
903 4076 1057 4145 regis
1112 4082 1413 4147 receperat
1462 4084 1655 4132 vasta-

34 4190 124 4227 ω.
167 4167 321 4221 Nihil
341 4167 515 4222 nobis
542 4173 597 4220 et
629 4166 748 4226 tibi,
781 4166 896 4221 nisi
924 4166 1183 4221 amicitia
1219 4170 1275 4220 et
1306 4168 1649 4233 concordia,

33 4259 239 4316 tribus
274 4255 677 4311 voluntatibus
709 4255 1043 4325 :equalique
1073 4255 1315 4308 consilio
1366 4255 1653 4311 delibera-

33 4394 41 4406 ,
90 4353 326 4411 Regem
361 4344 736 4415 usquemodo
768 4344 1111 4411 habuimus,
1145 4343 1295 4397 duce
1346 4350 1400 4397 et
1428 4350 1653 4414 protec-

34 4460 97 4497 [τες
136 4452 261 4492 non
298 4435 623 4492 caruimus.
664 4434 885 4489 Nullius
917 4440 1082 4489 terrae
1116 4434 1225 4487 nisi
1260 4434 1517 4489 Franciaa
1568 4436 1655 4490 in-

34 4528 192 4587 buit
224 4524 523 4579 Britannia
554 4524 809 4589 servitio,
844 4540 951 4578 nec
976 4524 1319 4591 subjugavit
1350 4541 1409 4577 se
1459 4526 1653 4594 cujus-

47 4613 511 4683 amimperio.»
570 4611 829 4668 Audiens
888 4617 1087 4666 autem
1133 4611 1475 4667 Guillelmus
1528 4614 1649 4668 dux

36 4720 289 4763 eorum
321 4702 501 4771 hujus
532 4700 878 4755 Britannica)
906 4700 1217 4763 legationis
1271 4701 1649 4770 mandatum,

35 4794 285 4854 avocat
314 4789 611 4861 principes
644 4788 1188 4842 Northmannorum
1211 4788 1377 4843 istius
1407 4789 1486 4843 rei
1516 4806 1654 4844 cau-

84 4881 177 4939 ad
228 4878 689 4934 consulendum.
740 4878 965 4940 Quibus
1007 4878 1383 4941 coadunatis,
1435 4879 1647 4934 seriem

36 4982 144 5034 ius
184 4968 483 5024 mirandas
515 4966 823 5033 legationis
857 4967 915 5019 in
965 4966 1215 5022 auribus
1260 4983 1468 5022 eorum
1498 4973 1649 5022 retu-

65 5068 255 5120 Tunc
283 5058 535 5129 quidam
568 5056 899 5111 Bernartius
936 5060 1297 5109 secretorum
1356 5056 1646 5111 Guillelmi

36 5155 144 5211 cis
180 5147 492 5214 conscius,
527 5146 827 5215 Bothoque
853 5146 1127 5215 princeps
1158 5144 1395 5204 domus.
1453 5146 1645 5200 admi-

40 5247 63 5299 i
132 5252 331 5307 super
378 5235 469 5290 his
520 5234 936 5301 legationibus,
995 5232 1273 5286 dixerunt
1319 5234 1643 5289 omnibus:

36 5334 279 5391 1irum,
312 5330 369 5379 et
411 5324 766 5389 inauditum,
827 5328 1004 5392 atque
1054 5322 1225 5377 nobis
1282 5324 1645 5393 stupendum

36 5427 157 5495 ius
219 5412 493 5468 mandati
545 5426 924 5480 responsum.
986 5415 1131 5465 tium
1164 5414 1327 5481 patre
1376 5417 1473 5467 tuo
1505 5414 1646 5468 olim

35 5514 227 5568 llone
294 5500 469 5555 [Dacia
525 5498 915 5563 exterminati,
970 5501 1237 5571 finesque
1321 5504 1649 5567 Anglorum

36 5606 310 5653 'LUCDSO
343 5588 523 5641 maris
553 5588 767 5655 pelago
799 5588 893 5640 vix
936 5592 1188 5655 aggresi.
1232 5591 1397 5661 ipsos
1432 5594 1487 5647 in
1538 5611 1649 5649 nos

40 5695 295 5749 urgere,
327 5677 586 5731 volentes
621 5676 946 5732 resistendo
974 5680 1257 5735 hostiliter
1288 5681 1647 5750 dcviximus,

36 5796 107 5851 η
122 5788 207 5829 ue
244 5782 442 5841 usque
473 5765 550 5822 ad
576 5765 1045 5827 internecionem
1075 5771 1352 5827 severiter
1390 5778 1651 5843 prostrav

1689 4487 1729 4538 Ι)

531 307 616 358 ΟΕ
657 305 898 359 GESTIS
940 306 1362 361 NORMANNl/E
1408 304 1639 357 DUtlUM

1778 306 1861 358 lRl
1902 307 2096 362 TRES.
2140 340 2207 345 —
2240 307 2438 360 LIBER
2481 304 2800 358 TERTIUS.

3303 298 3404 349 liti?

1758 428 1973 483 vimus.
2010 432 2108 484 His
2146 448 2276 493 rege
2310 430 2567 482 .\lstcmo
2606 427 2852 497 pacifice
2903 423 3145 487 sedatis,
3205 420 3408 476 nobis-

1759 535 1875 588 que
1903 520 1957 572 vi
1984 528 2297 573 ventorum
2334 516 2928 584 terramWalgrorum
2962 512 3263 578 ingressis,
3296 510 3409 581 ipsi

1762 609 2239 680 conglobatoque
2273 607 2529 662 exercitu
2564 606 2877 659 voluerunt
2906 606 3173 657 resistere
3214 600 3407 654 nobis.

1762 704 1917 757 Quos
1949 705 2281 768 opportune
2316 695 2667 756 invasimus,
2696 708 2915 762 eosque
2964 690 3136 743 nobis
3194 688 3413 759 prieliis

1763 786 2551 855 subjugavimns.totamque
2570 780 3148 853 praetermunitioncs
3170 776 3411 830 urbium

1762 876 2283 946 (leporiulavimus.
2322 874 2581 943 titulique
2616 870 3003 925 lladebodum
3083 867 3410 933 Frisonem,

1764 964 2021 1034 hincque
2082 966 2389 1017 ltainerum
2435 962 2879 1015 Hasbacensem
2930 954 3409 1029 penetravimus;

1764 1052 1893 1105 illos
1919 1053 2090 1106 nobis
2117 1052 2451 1105 tributarios
2486 1050 2751 1103 fecimus.
2788 1048 2887 1100 llis
2928 1052 3007 1101 ita
3057 1062 3115 1099 se
3148 1044 3413 1099 habenti-

1769 1141 1899 1203 bus,
1936 1142 2238 1194 l-‘ranciani
2278 1140 2565 1203 Venimus,
2595 1154 2849 1207 eamque
2900 1136 3065 1190 bellis
3116 1148 3418 1205 praeoccu-

1766 1230 2062 1299 pavimus.
2101 1231 2277 1283 Nobis
2308 1246 2443 1281 \el'o
2471 1226 2843 1281 morantibus
2874 1226 2930 1277 in
2975 1224 3285 1279 obsidione
3313 1223 3419 1276 cir-

1767 1336 1835 1372 ca
1869 1320 2141 1388 Parisios,
2176 1328 2417 1390 propter
2445 1332 2711 1372 amorem
2737 1316 2891 1378 regis
2922 1313 3159 1367 .\lstemi
3193 1312 3415 1378 Anglos

1765 1408 1977 1463 iterum
2009 1410 2452 1480 repedaximus,
2485 1406 2731 1475 injurios
2763 1404 3146 1472 iiitidclesque
3179 1401 3307 1469 ejus
3358 1400 3415 1453 vi

1768 1503 1822 1551 et
1853 1504 2141 1569 potestate
2174 1498 2560 1566 subjecimus.
2606 1494 2806 1561 Anglis
2839 1509 2973 1545 vero
3003 1495 3219 1544 nostrae
3252 1488 3418 1542 ditio-

1768 1588 1858 1640 nis
1899 1588 2140 1641 arbitrio
2198 1588 2316 1653 regi
2371 1586 2547 1639 Alsteu
2601 1600 2636 1637 0
2695 1581 2944 1647 subacti,
2998 1595 3135 1633 cum
3190 1578 3417 1646 majore

1770 1676 1965 1747 priore
2040 1676 2299 1729 exercitu
2362 1674 2670 1729 Franciam
2750 1669 3171 1742 rcpcdavimus
3224 1666 3419 1721 bellis-

1768 1782 1882 1836 que
1963 1782 2093 1819 eam
2178 1765 2449 1837 plurimis
2528 1761 2935 1816 contrivimus.
3020 1758 3233 1812 Videns
3316 1770 3418 1809 au-

1769 1861 2007 1909 tcmrex
2040 1854 2305 1919 Carolus,
2349 1853 2658 1924 quodnon
2701 1850 3049 1923 praevaleret
3096 1848 3417 1902 adversum

1768 1961 1898 2009 nos,
1932 1961 2141 2017 pacem
2175 1951 2227 1997 et
2256 1942 2641 1997 conem'diam
2675 1958 2710 1995 a
2756 1940 2930 1994 nobis
2972 1938 3295 2009 requisivit,
3355 1936 3421 1989 ti-

1768 2035 2028 2105 liamque
2059 2051 2227 2086 suam
2264 2033 2489 2087 ltolloni
2516 2036 2617 2086 tuo
2638 2031 2789 2103 patri
2822 2031 2879 2084 in
2904 2028 3184 2098 conjugio
3236 2026 3415 2079 dedit.

1772 2126 2050 2195 llancque
2087 2130 2299 2177 teri-am
2334 2139 2442 2195 pro
2470 2123 2718 2193 pignore
2767 2105 2929 2192 pacis
2960 2119 3017 2173 in
3067 2123 3419 2190 perpetuam

1768 2214 2071 2267 lneredum
2106 2221 2445 2266 nostrorum
2476 2213 2918 2283 possessionem
2950 2208 3123 2263 nobis
3154 2208 3421 2261 volunta-

1766 2303 1845 2356 rie
1878 2302 2136 2369 tradidit,
2162 2303 2539 2372 Britonesque
2559 2302 2633 2355 ad
2657 2300 3057 2361 serviendum,
3084 2303 3419 2367 terramque

1768 2394 2031 2464 ipsorum
2058 2391 2131 2445 ad
2166 2393 2487 2444 vivendum
2535 2390 2897 2459 subjugavit.
2956 2392 3121 2443 Patre
3171 2392 3270 2441 tuo
3319 2385 3421 2439 tibi

1767 2483 2096 2553 superstite,
2128 2482 2226 2534 tibi
2258 2485 2630 2533 sacramento
2664 2496 2816 2533 verae
2848 2477 2984 2531 ﬁdei
3008 2483 3061 2531 et
3093 2475 3328 2529 servitio
3359 2490 3421 2527 se

1767 2570 2178 2624 subdiderunt.
2208 2573 2337 2622 l‘ost
2370 2568 2619 2632 lugubre
2652 2567 2945 2620 damnum
2998 2564 3202 2636 patris,
3238 2562 3420 2615 fidem

1767 2664 2117 2711 renovantes
2146 2658 2249 2711 tibi
2284 2673 2473 2726 usque
2515 2655 2696 2709 modo
2746 2654 3091 2707 servierunt.
3158 2655 3319 2705 Nunc
3366 2653 3423 2703 et

1766 2764 1875 2802 nos
1909 2748 2052 2818 quid
2084 2748 2333 2800 facimus
2365 2749 2570 2799 contra
2602 2744 2995 2798 deservientes
3053 2740 3419 2810 rebellesque

1770 2838 2097 2901 Britannos,
2132 2836 2231 2907 qui
2266 2841 2421 2889 tanta
2459 2839 2513 2889 et
2572 2834 2710 2888 talia
2768 2832 2972 2904 praelia
3029 2830 3421 2902 peregimus?

1766 2928 2137 2981 effeminatos
2188 2926 2531 2996 viribusque
2582 2926 2900 2978 exhaustos
2933 2938 3041 2975 nos
3102 2936 3227 2973 esse
3258 2934 3420 2973 reco-

1772 3022 2088 3083 gnoscuut,
2122 3015 2254 3069 idco
2288 3015 2422 3069 talia
2452 3014 2807 3068 remandarc
2842 3012 2969 3065 ausi
3000 3015 3154 3065 sunt.
3210 3008 3424 3063 Alime-

1767 3107 1864 3160 nia
1898 3106 2079 3173 hujus
2116 3113 2295 3173 teri-ae,
2339 3121 2459 3175 qua
2494 3108 2841 3173 vegetamur
2888 3117 3157 3172 corpore,
3213 3104 3425 3169 putant

1768 3210 1877 3247 nos
1907 3194 2166 3249 inermes
2190 3210 2337 3257 esse,
2355 3193 2696 3263 viribusque
2714 3191 2949 3263 penitus
2975 3189 3242 3243 deﬁcere.
3280 3191 3422 3243 Sen-

1766 3284 1915 3337 tiant
1962 3284 2467 3336 roburnostrum
2510 3283 2688 3350 hujus
2753 3280 2918 3347 regni
2973 3278 3421 3333 conversatione

1766 3386 1884 3423 non
1928 3370 2221 3424 tabidum.
2286 3370 2675 3440 vigoremque
2720 3378 2989 3422 uestrum
3045 3365 3424 3438 experiantur

1764 3459 2273 3513 robustissimum.
2348 3457 2945 3529 Comprehendantur
3017 3456 3075 3509 in
3136 3456 3414 3515 consiliis,

1765 3548 1984 3619 quibus
2012 3548 2295 3611 cogitant,
2327 3562 2624 3616 superque
2659 3542 2963 3615 responsis
2995 3543 3135 3610 suis,
3170 3544 3247 3597 ad
3281 3545 3422 3597 inte—

1766 3638 1940 3691 ritum
1975 3641 2030 3690 et
2058 3636 2135 3689 ad
2193 3635 2627 3706 correptionem
2677 3633 2765 3686 sui
2818 3632 3233 3703 nequidquam
3282 3632 3418 3685 resi-

1766 3727 2012 3798 piscant.
2046 3724 2469 3794 Disperdamus
2501 3722 2904 3791 arrogantiam
2953 3720 3189 3775 illorum
3220 3720 3281 3775 in
3307 3721 3418 3774 vir-

1765 3822 1884 3871 tute
1944 3820 2167 3881 nostra,
2219 3830 2549 3885 eorumque
2608 3811 2991 3884 supercilium
3037 3815 3416 3867 conteramus

1764 3904 2028 3975 potentia
2056 3908 2314 3958 nostra.»

2406 4007 2787 4046 APOSTROPHA.

1764 4086 1806 4137 Ο
1836 4085 1970 4136 Jesu
2004 4081 2161 4135 testis
2194 4080 2401 4135 tlhristi
2430 4080 2733 4134 Guillelme
2757 4081 2970 4148 future,

1768 4175 1910 4225 Ecce
1942 4172 2195 4231 valescc,
2228 4171 2483 4238 vigesce,
2514 4186 2687 4224 sacro
2710 4170 3023 4224 conanime
3048 4168 3291 4223 sudans.

1768 4260 2215 4329 Expergescitor
2245 4264 2297 4311 et
2328 4259 2689 4313 confortator
2718 4258 3022 4321 violenter,

1765 4353 1827 4403 Et
1861 4348 2087 4403 steriles
2119 4349 2344 4402 ratione
2380 4353 2569 4401 truces
2601 4364 2911 4419 compesce
2944 4346 3226 4413 Britones,

1760 4444 1950 4508 Atque
1980 4436 2359 4508 supercilium
2388 4437 2580 4490 leriter
2601 4437 2899 4489 contunde
2922 4434 3267 4489 nefandum.

1766 4532 2028 4592 Quorum
2050 4526 2363 4579 concilium
2385 4525 3041 4594 efl'atuans,hebctaque
3056 4522 3409 4589 malignum.

1768 4622 1909 4672 Nam
1947 4616 2172 4670 laceros
2195 4614 2380 4673 bellis,
2408 4614 2689 4668 contritos
2720 4617 2902 4685 peste,
2936 4613 3233 4683 fameque,

1761 4705 2103 4767 Indulgens,
2140 4704 2447 4770 miserens,
2482 4718 2753 4775 parcens,
2788 4700 3056 4769 neglecta
3088 4699 3410 4755 remittens.

1764 4799 1877 4849 Hos
1912 4793 2103 4847 stabili
2134 4793 2488 4846 sacramenti
2521 4790 2836 4844 conamine
2864 4788 3082 4857 ﬂectes,

1764 4887 1825 4937 Et
1848 4883 2258 4952 resipiscentes
2286 4880 2736 4935 famulabuntur
2754 4882 3105 4933 reverenter.

1832 4972 2015 5039 Hujus
2048 4970 2469 5024 exhortationis
2492 4969 2753 5040 alloquio
2785 4968 3124 5023 Gnillclmus
3143 4968 3415 5022 atrociter

1765 5066 1961 5115 motUs
1994 5065 2049 5113 et
2079 5060 2410 5121 instigatus.
2446 5057 2823 5125 congregavit
2846 5056 3095 5111 universi
3126 5057 3291 5125 regni
3325 5058 3414 5111 sui

1761 5149 1987 5203 concite
2010 5148 2318 5205 exercitus.
2345 5146 2564 5217 ivitque
2593 5162 2771 5219 super
2804 5145 3055 5200 fluvium
3110 5150 3412 5217 tloysnon,

1763 5238 2064 5292 Britonum
2093 5236 2527 5289 dominaturus.
2566 5236 2748 5305 Hujus
2801 5236 2977 5303 igitur
3008 5233 3271 5290 adventu
3306 5238 3417 5292 Bri-

1761 5332 1925 5381 tones
1948 5325 2221 5389 exterriti,
2252 5324 2638 5397 nolentesque
2670 5324 2978 5380 Guillelmo
3004 5324 3302 5393 famulari,
3336 5327 3415 5384 la-

1760 5419 1999 5469 tuerunt
2026 5414 2310 5487 praesidiis
2334 5414 2573 5468 urbium
2604 5415 2843 5487 recepti.
2889 5416 3048 5470 Tunc
3072 5415 3417 5475 Guillclmus

1763 5504 2075 5576 occupavit
2104 5504 2355 5557 exercitu
2378 5521 2487 5557 suo
2506 5520 2747 5560 omnem
2765 5510 2981 5561 terram
3000 5507 3415 5565 Britannorum

1762 5600 1816 5647 et
1846 5592 2409 5663 subvertitplurima
2440 5593 2566 5648 loca
2624 5595 3045 5651 munitionum.
3108 5595 3417 5651 Guillelmo

1760 5699 1897 5737 vero
1930 5700 1963 5737 a
1993 5682 2293 5736 Britannia
2318 5696 2593 5747 regresso
2613 5686 3154 5749 Bothomagenscm
3182 5686 3413 5747 urbem,

1762 5773 2025 5829 Britones
2052 5771 2354 5827 subsecuti
2379 5776 2436 5829 et
2461 5773 2843 5832 devastantes
2900 5791 3129 5850 pagum
3178 5776 3415 5831 invase-
