3878 6414
561 313 663 365 663

1518 303 1823 359 DUDONIS
1864 303 2115 358 DECANI
2164 301 2220 357 S.
2262 302 2577 369 QUINTINI
2614 302 2998 359 VIROIAND.

560 436 700 489 runt
738 430 1219 501 bajocacensem.
1288 427 1466 496 Igitur
1517 425 1879 495 Guillelmus,
1932 428 2210 481 revocato
2234 429 2281 482 Α
2321 430 2586 499 Namque
2620 424 2931 499 voluptatis
2960 423 3145 495 hujus
3169 422 3479 477 commixtio
3499 438 3636 481 sacra.

561 527 778 580 cuncto
808 520 1086 587 exercitu,
1111 516 1550 590 praeoccupavit
1585 532 1926 585 regressum
1954 514 2211 579 illorum,

562 610 973 685 pugnavitque
1006 606 1226 662 fortiter
1251 610 1459 661 contra
1483 605 1636 674 illos,
1688 605 1977 677 caecisque
2032 603 2215 676 pluri-

565 701 680 758 mis
710 697 1079 771 principibus
1105 695 1545 763 Britannorum,
1580 694 1834 749 obtinuit
1862 694 1935 748 de
1964 693 2217 749 inimicis

566 788 956 860 triumphum.
991 785 1257 856 Hincque
1316 783 1647 839 devastavit
1690 788 1905 838 terram
1958 782 2214 848 illorum,

566 876 837 946 afﬂigens
866 874 995 929 illos
1026 873 1184 929 fame
1216 877 1272 928 et
1294 873 1566 945 penuria,
1598 877 1653 928 et
1682 871 2030 944 opprimens
2059 870 2218 925 caede

568 964 980 1039 praemaxima.
1011 962 1283 1017 Videntes
1315 965 1514 1016 autem
1545 964 1904 1029 Berengerus
1947 964 2002 1015 et
2049 959 2221 1014 Alan-

571 1070 709 1123 nus,
738 1052 1049 1123 caaterique
1080 1051 1363 1116 Britones,
1387 1050 1549 1121 quod
1576 1066 1697 1105 non
1729 1048 2081 1115 sufﬁcerent,
2115 1063 2223 1103 nec

575 1141 970 1216 praevalerent
1008 1139 1299 1195 adversus
1357 1137 1752 1202 Guillelmum,
1805 1137 2099 1192 miserunt
2147 1135 2225 1191 ad

575 1247 717 1287 eum
739 1229 932 1284 verbis
957 1227 1353 1300 depracativis
1382 1226 1644 1297 legatum
1676 1244 1688 1281 :
1724 1250 1749 1275 ‹‹
1775 1227 1928 1282 Patri
1957 1230 2059 1282 tuo
2090 1225 2228 1281 obe-

574 1321 793 1382 diente,
826 1318 1197 1383 servivimus,
1222 1316 1449 1389 tibique
1478 1316 1893 1372 incumbentes
1948 1314 2227 1371 famulari

576 1407 870 1480 cupimus.
906 1410 985 1461 Ne
1016 1405 1311 1477 despicias
1337 1421 1447 1460 nos
1480 1421 1851 1477 qumsumus,
1876 1420 2071 1477 neque
2090 1403 2229 1459 abo-

575 1496 818 1553 mineris
847 1494 1150 1549 servitium
1185 1499 1457 1549 nostrum
1489 1493 1805 1559 ullatenus,
1868 1493 1973 1547 sed
2004 1492 2228 1564 respice

576 1601 708 1651 nos,
740 1589 804 1640 ut
832 1600 1031 1639 servos
1062 1583 1326 1638 offensos
1371 1583 1506 1655 pius
1570 1583 1874 1638 Dominus.
1907 1586 2231 1638 Pravorum

579 1673 839 1730 consiliis
886 1671 1193 1741 obcaecati,
1244 1672 1617 1740 negleximus
1666 1671 1955 1727 mandata
2002 1670 2234 1743 imperii

2321 520 2431 571 Nec
2462 492 2682 571 intacta
2707 492 2880 581 fides,
2911 492 3115 569 labem
3145 527 3263 567 non
3292 527 3449 583 passa
3472 511 3650 583 pudoris,
3678 492 3681 563 ἲ

2321 609 2519 677 Neque
2544 604 2729 660 libido
2751 602 2904 659 sacri
2933 602 3213 658 meritum
3237 600 3416 655 cordis
3441 602 3664 655 temeravit
3682 602 3685 663 ζ

2323 696 2554 752 Semine
2586 710 2847 766 namque
2878 697 2980 749 tuo
3007 690 3283 746 succedet
3303 690 3415 744 dux
3445 688 3668 744 luculentus

2320 787 2553 841 Munere
2583 784 2864 839 virtutum
2891 784 3145 846 mactus,
3178 778 3491 849 meritisque
3510 792 3691 831 coruscus.

2322 875 2472 927 More
2497 872 2679 945 patris
2704 869 2999 944 populum
3026 866 3162 923 forti
3189 866 3399 921 ditione
3422 864 3660 919 subactum.

2324 962 2432 1027 Qui
2464 966 2624 1032 reget
2653 961 3020 1032 imperitans,
3056 955 3291 1012 extollet
3309 955 3405 1010 rite
3433 953 3681 1023 gubernans,

2325 1050 2560 1106 Nisibus
2588 1054 2644 1105 et
2674 1050 2893 1105 faciens
2924 1046 3059 1103 totis
3088 1043 3425 1101 incumbere
3450 1041 3631 1101 Christo,
3698 1040 3701 1117 ἱ

2326 1139 2669 1196 Multifluam
2700 1142 2937 1207 gentem
2964 1134 3141 1206 justis
3174 1126 3703 1189 moderabithabenist

2331 1228 2570 1300 Subque
2618 1242 2805 1282 manu
2862 1224 3033 1295 cujus
3071 1239 3214 1295 pax,
3259 1237 3395 1294 pax,
3434 1216 3708 1284 concordiam

2403 1493 2497 1549 His
2528 1510 2711 1567 supra
2740 1493 2990 1566 scriptis,
3023 1497 3080 1548 et
3106 1487 3509 1563 hujuscemodi
3544 1484 3716 1541 talibus!

2330 1582 2462 1639 lans
2494 1583 2713 1638 athleta
2746 1582 2953 1638 Christi
2991 1581 3375 1637 beatissimus
3390 1573 3721 1651 pmpalabaturt

2335 1677 2507 1727 eunte
2529 1671 2809 1727 bonitatis
2843 1670 3022 1735 fama,
3056 1670 3117 1725 in
3148 1670 3378 1725 cunctis
3407 1672 3634 1722 terrarum
3649 1655 3724 1712 tinftt

585 1762 690 1817 tui.
713 1766 1023 1816 Avertatur
1054 1760 1215 1815 furor
1242 1765 1377 1815 tuus
1409 1777 1443 1815 a
1466 1760 1650 1814 servis
1684 1760 1818 1828 tuis,
1866 1764 1923 1815 et
1974 1760 2232 1815 concede
2259 1775 2301 1827 Β
2337 1760 2809 1833 locupletabatur
2840 1759 3204 1815 sufﬁcienter
3233 1757 3493 1815 labilium
3525 1766 3662 1807 rerum
3688 1756 3727 1814 ml

578 1851 754 1907 nobis
785 1849 1201 1905 omnimodam
1231 1848 1566 1905 felicitatem
1595 1850 1778 1921 pacis.
1813 1849 2033 1905 lnclina
2060 1848 2223 1904 beni-

583 1954 766 2009 gnam
787 1954 997 1993 aurem
1028 1940 1142 1991 tuas
1173 1937 1508 2006 magniﬁcae
1549 1939 1779 2009 pietatis
1842 1938 1920 1992 ad
1975 1953 2237 2010 nequam

584 2042 784 2083 servos
814 2024 1082 2081 scandali
1114 2029 1171 2079 et
1208 2025 1571 2081 offensionis.
1606 2027 1773 2091 Quod
1828 2026 1986 2081 enim
2045 2041 2237 2081 sacra-

584 2118 787 2170 mento
818 2112 1162 2170 Christianae
1188 2111 1491 2181 religionis
1523 2113 1626 2168 tibi
1646 2114 2051 2185 promisimus,
2082 2113 2235 2169 male

585 2201 896 2273 operando
925 2200 1214 2255 hactenus
1241 2205 1445 2255 contra
1474 2205 1527 2255 te
1559 2202 1782 2257 mentiti
1824 2219 2050 2257 sumus.
2118 2205 2236 2256 Pae-

600 2290 745 2345 nitet
772 2304 883 2343 nos
913 2292 1120 2343 contra
1143 2292 1197 2343 te
1223 2304 1474 2355 errasse,
1492 2294 1780 2361 tuumque
1809 2290 2110 2345 servitium
2138 2290 2237 2345 de-

590 2378 902 2446 seruisse.»
935 2377 1124 2446 Hujus
1154 2392 1417 2449 namque
1446 2377 1728 2447 neglectae
1773 2378 2134 2434 militationis
2185 2383 2241 2434 et

590 2466 966 2533 obedientiaa,
1007 2465 1528 2538 denominataeque
1558 2467 1908 2523 humilitatis
1947 2467 2241 2537 legatione

591 2554 915 2611 Guillemus
936 2554 1059 2609 dux
1081 2558 1413 2627 praepetens
1440 2571 1609 2625 usus,
1633 2556 1918 2612 consultis
1952 2560 2244 2612 Dacorum

588 2642 960 2717 principibus
990 2659 1171 2715 super
1199 2643 1291 2697 his
1340 2643 1540 2713 rebus,
1589 2647 1982 2714 Berengerum
2030 2646 2246 2701 ducem

587 2733 1003 2788 Britannorum
1026 2731 1390 2798 offensionis,
1452 2733 1824 2806 neglectique
1882 2734 2121 2804 servitii,
2168 2739 2250 2790 at-

590 2835 709 2892 que
737 2818 1130 2891 impetrandae
1179 2819 1600 2875 misericordia
1648 2822 1913 2893 pondere
1961 2826 2247 2877 onustum

589 2905 847 2975 gratuita
866 2906 1084 2978 pietate
1111 2908 1350 2979 recepit,
1381 2924 1640 2980 cumque
1690 2915 2064 2965 sacramento
2117 2926 2246 2982 per-

592 2994 941 3049 severandre
992 2994 1293 3050 ﬁdelitatis
1348 3001 1406 3051 et
1456 2996 1675 3051 servitii
1732 2997 1843 3052 sibi
1906 2999 2246 3055 connexuit.

592 3080 1091 3177 alannum-vero,
1116 3082 1221 3153 qui
1249 3083 1429 3152 hujus
1456 3084 1597 3139 rixae
1628 3089 1684 3139 et
1709 3085 1891 3156 jurgii
1937 3090 2144 3142 auctor
2194 3091 2313 3177 etC
2354 3094 2578 3161 tneque
2614 3082 2947 3145 aﬂlictionis
2996 3083 3389 3146 animositate
3438 3074 3770 3177 investigent-9"I

592 3168 867 3224 incentor
896 3168 1024 3236 fuit,
1059 3175 1413 3242 aspernatus
1437 3177 1524 3227 est
1551 3178 1608 3228 et
1631 3173 1951 3243 abdicavit,
1991 3190 2250 3247 eumque

603 3256 944 3312 Britannica
966 3258 1209 3327 regione
1234 3274 1373 3314 cum
1404 3259 1525 3314 suis
1549 3260 1823 3318 extrudit.
1860 3267 1989 3335 Ipse
2008 3279 2147 3319 vero
2190 3263 2251 3319 in

602 3346 928 3413 Britannia,
956 3361 1067 3401 nec
1095 3346 1157 3401 in
1182 3350 1305 3403 tota
1338 3349 1581 3405 Francia
1608 3366 1865 3423 usquam
1904 3351 2125 3407 morari
2170 3353 2249 3408 ob

598 3438 829 3490 metum
856 3434 1151 3490 Guillelmi
1180 3434 1351 3491 ducis
1380 3438 1679 3511 nequivit;
1708 3440 1812 3495 sed
1842 3440 2133 3512 profugus
2159 3458 2254 3496 ex-

598 3522 815 3601 petivit.
859 3522 1149 3578 auxilium
1203 3524 1427 3580 Alsteni
1481 3527 1807 3598 Anglorum
1860 3530 2033 3601 regis.
2092 3533 2251 3588 Tunc

598 3610 945 3667 Guillelmus
961 3612 1271 3685 utriusque
1302 3614 1471 3684 regni
1492 3617 1786 3689 populum
1818 3623 2054 3675 strenue
2080 3620 2250 3693 rexit,

597 3700 983 3773 potentiaque
1037 3705 1095 3757 et
1136 3702 1351 3760 virtute
1427 3704 1627 3774 vigere
1684 3707 1997 3764 afﬂuenter
2052 3711 2248 3783 coepit.

594 3786 1004 3860 Populabatur
1030 3804 1297 3863 namque
1327 3790 1492 3848 fama
1518 3793 1801 3850 bonitatis
1856 3812 1963 3868 per
2016 3797 2254 3855 climata

595 3874 831 3939 mundi,
860 3876 1360 3946 promulgabatur
1408 3880 1714 3951 profusius
1761 3883 2119 3942 abstinentia
2160 3902 2254 3943 ca-

598 3960 827 4026 stitatis,
854 3975 965 4015 nec
992 3960 1384 4021 incumbebat
1410 3965 1700 4023 illecebris
1723 3968 2037 4039 gignenda:
2053 3978 2252 4045 poste-

599 4045 810 4102 ritatis.
872 4049 1234 4117 Cogentibus
1288 4051 1465 4121 igitur
1517 4056 1836 4112 comitibus
1906 4059 2053 4128 suis,
2132 4078 2253 4117 non

604 4139 854 4206 urgente
887 4152 1036 4192 sexu
1064 4136 1347 4195 humana;
1374 4140 1722 4213 fragilitatis,
1755 4147 1860 4202 sed
1907 4164 1982 4203 ne
2038 4149 2252 4207 defice-

598 4229 706 4291 ret,
758 4240 954 4297 neque
1011 4225 1250 4284 abesset
1303 4228 1493 4287 hteres
1524 4236 1703 4289 tantae
1734 4238 2058 4307 progeniei,
2092 4241 2258 4296 tanti-

600 4328 719 4385 que
744 4312 991 4369 honoris
1029 4319 1087 4399 et
1144 4315 1503 4389 ducaminis,
1562 4324 1882 4380 connexuit
1934 4342 1995 4381 se
2043 4329 2259 4397 geniali

597 4401 731 4473 jure
762 4403 1189 4461 conservandaa
1216 4410 1632 4479 successionis,
1676 4412 1916 4470 cuidam
1964 4416 2256 4474 nobilissi-

598 4506 715 4580 mae
754 4490 977 4580 virgini,
1006 4493 1480 4580 elegantissima:
1528 4498 1754 4569 formae,
1822 4504 2072 4561 consilio
2121 4523 2256 4580 pro-

598 4575 787 4632 fusius
815 4578 1100 4651 providae,
1123 4579 1450 4641 forensium
1476 4601 1677 4644 rerum
1730 4591 1983 4659 negotiis
2014 4575 2257 4650 afﬂuen-

600 4662 719 4720 tius
750 4667 1129 4737 cautissimas,
1181 4675 1633 4732 conversatione
1680 4679 1876 4751 aptius
1926 4696 2258 4751 congruen-

601 4751 869 4840 tissima,
902 4756 1202 4829 colloquio
1226 4761 1551 4832 prudenter
1597 4764 2069 4840 facundissimae,
2119 4787 2257 4827 mu-

600 4839 771 4897 liebri
794 4844 1071 4901 exercitio
1092 4852 1329 4920 compte
1367 4853 1424 4905 et
1460 4851 1840 4910 artiﬁcialiter
1866 4839 2257 4927 peritiSsimaa.

1228 5004 1613 5050 APOSTBOPHA.

600 5108 879 5163 Innocuis
910 5109 1176 5181 ﬂagrans
1202 5114 1403 5185 rebus,
1434 5123 1665 5191 martyr
1686 5120 1940 5195 Clionee,

602 5194 904 5285 l’rmsagio
926 5214 1191 5257 vernans
1221 5203 1524 5263 luculento
1552 5210 1768 5266 mercis
1798 5194 2035 5285 opimae,

605 5280 831 5372 Bivinaa
860 5285 1094 5356 fulgens
1126 5298 1451 5363 augmento
1480 5280 1912 5372 prosperitatis,

606 5368 784 5463 [Boias
812 5374 1203 5463 resplendens
1228 5389 1465 5457 compte
1481 5368 1788 5460 probitate
1816 5368 2045 5460 futuras,

609 5451 1167 5551 Bifl‘usaaque-luens
1194 5451 1474 5529 bonitatis
1493 5451 1636 5533 luce
1664 5494 1947 5551 perenne.

609 5541 765 5642 Quin
794 5544 1018 5642 meritis
1047 5550 1227 5642 digne
1255 5556 1610 5621 luculentior
1638 5541 1943 5637 omnibus,
1974 5574 2153 5642 atque

608 5628 690 5715 Ife
717 5642 945 5715 paucas
973 5637 1295 5710 trepidans,
1324 5644 1655 5710 formidans
1680 5661 1741 5712 et
1767 5628 2046 5715 verearis.

607 5713 716 5769 Jus
736 5713 876 5773 liciti
900 5735 1022 5792 quo
1055 5728 1115 5781 tu
1140 5728 1415 5802 pepigisti
1437 5736 1664 5801 foedera
1682 5744 1846 5806 lecti.

2339 1849 2637 1904 ditabatur
2666 1847 2967 1921 profusius
2992 1847 3209 1903 divinae
3232 1835 3653 1914 augmentationis

2340 1936 2625 1992 Amabilis
2655 1916 2877 2009 quippe
2914 1939 3041 1991 erat
3094 1934 3332 1991 cunctis
3380 1926 3646 2015 terrigenis,

2341 2024 2452 2080 lior
2481 2025 2807 2097 quinetiam
2838 2027 2952 2079 Deo
2981 2029 3037 2079 et
3067 2023 3375 2080 ccelicolis.
3408 2015 3619 2088 llugonis
3640 2012 3735 2079 igitm‘

2343 2119 2609 2186 tempore
2636 2112 2804 2168 ducis
2835 2112 3108 2168 amicitia!
3139 2117 3359 2167 mutua
3385 2108 3634 2165 voluntate
3661 2106 3740 2186 ett}

2346 2180 2604 2274 petentia
2654 2199 2973 2255 connexuit
3023 2216 3084 2255 se
3136 2216 3267 2255 non
3315 2205 3649 2272 permansuro
3677 2180 3742 2237 tu"

2351 2291 2570 2346 Dehinc
2595 2295 2774 2363 atque
2820 2289 3127 2345 Heriberto
3186 2296 3448 2361 satrapm
3498 2277 3747 2363 οοῐιὶὶωθίω]

2349 2384 2524 2453 pacto
2554 2358 2745 2433 labilis
2776 2377 3069 2433 amicitiae.
3102 2376 3331 2432 Videns
3360 2358 3542 2431 autem
3559 2358 3748 2453 quidsit!

2351 2448 2443 2522 fus
2469 2466 2729 2539 perﬁdiae
2756 2465 3020 2538 nequitia
3041 2466 3327 2522 atrociter
3339 2462 3576 2536 repletus
3598 2448 3752 2511 Guille

2349 2556 2586 2625 ducem,
2616 2555 2837 2611 scilicet
2857 2555 3176 2611 dominum
3246 2570 3430 2610 suum
3480 2544 3755 2605 amicoer

2351 2645 2500 2700 sidio
2531 2644 2851 2700 confortari
2881 2644 3056 2700 valde
3088 2648 3145 2699 et
3168 2642 3595 2700 convalescere.
3634 2626 3758 2686 00W

2351 2728 2621 2807 plurimis
2648 2727 2985 2806 principum
3016 2729 3580 2793 Northmannorum,
3604 2710 3762 2809 fraudi?3

2353 2802 2547 2878 retulit
2570 2802 2716 2878 voce
2751 2839 2762 2876 :
2796 2844 2821 2870 ‹‹
2841 2802 3050 2878 Noster
3080 2822 3287 2878 senior
3324 2816 3633 2877 Guillelmus
3670 2802 3764 2897 notiit

2351 2928 2452 2967 mo
2484 2911 2807 2967 Franciscte
2836 2911 3033 2983 stirpis
3063 2911 3301 2967 semine
3335 2908 3573 2980 genitus,
3598 2899 3768 2955 Frantlti'

2353 3000 2575 3056 amicos
2598 2999 2852 3072 acquirit
2881 2999 3012 3067 sibi,
3040 3005 3252 3057 nostro
3284 2997 3531 3056 consilio
3556 2988 3774 3103 privatum:

2358 3094 2367 3103 .
2658 3086 2730 3103 η.-
2778 3085 2809 3103 ,ι
2902 3082 2911 3099 ο
3042 3102 3045 3103 ,
3083 3084 3092 3098 ι
3245 3083 3281 3103 ο.
3336 3090 3347 3103 .
3442 3082 3452 3098 ι
3501 3074 3731 3103 “un-Mm;

2352 3193 2493 3233 vero
2522 3181 2773 3233 conatur
2819 3193 3010 3248 regno
3048 3178 3297 3251 penitus
3329 3173 3634 3238 extrudere:
3665 3169 3777 3218 "m3

2356 3265 2624 3337 tiumque
2656 3265 2811 3322 colla
2849 3267 2997 3337 jugo
3028 3266 3337 3323 servitutis
3384 3263 3594 3321 duriter
3635 3258 3777 3325 ορρτιεέτ

2355 3358 2593 3412 Terram
2617 3360 2815 3411 autem
2844 3372 3030 3428 quam
3061 3357 3463 3429 possidemus
3501 3340 3778 3426 parentiblEt

2355 3443 2415 3499 in
2445 3444 2752 3499 haeredum
2780 3460 3025 3500 suorum
3054 3445 3515 3519 possessionem
3538 3432 3684 3495 dabit.
3726 3437 3777 3477 et“

2356 3528 2709 3588 muneribus
2738 3533 2954 3589 nostris
2980 3529 3304 3590 afﬂuenter
3329 3528 3556 3590 ditabit.
3582 3524 3732 3582 Contra
3754 3521 3778 3571 ις

2358 3622 2512 3678 illius
2539 3622 2881 3678 modiminis
2911 3623 3264 3692 cogitatum,
3328 3630 3655 3697 quteramus

2359 3711 2593 3768 salubre
2620 3711 2793 3767 nobis
2832 3712 3170 3782 consilium,
3232 3712 3642 3779 faciamllsque
3674 3699 3777 3791 illi”,

2359 3801 2596 3857 foederis
2621 3802 2964 3875 sempiterni
2993 3808 3267 3876 pactum,
3302 3808 3366 3860 et
3395 3808 3680 3859 teneamus

2359 3890 2526 3946 nacis
2556 3872 2877 3946 voluntatis
2903 3872 3170 3949 anchora
3208 3872 3647 3949 inconvulsum.
3680 3872 3773 3961 Sub?

2358 3975 2613 4052 quisque
2643 3981 2937 4049 nostrum,
2963 3977 3014 4036 si
3041 3996 3227 4053 quem
3270 3995 3355 4038 ex
3385 3974 3604 4037 nostris
3647 3964 3778 4023 viden?

2357 4085 2651 4142 pressum,
2683 4074 3075 4142 protegatque
3105 4087 3246 4126 eum
3275 4071 3420 4143 jugi
3437 4061 3712 4141 juvamine
3728 4058 3778 4104 υἶτ

2358 4158 2605 4230 tipsum.
2641 4158 2793 4223 Quin
2823 4159 3003 4214 etiam
3034 4159 3083 4214 si
3103 4175 3328 4216 omnes
3360 4175 3481 4216 nos
3500 4144 3778 4212 unavolueﬁ

2359 4246 2519 4313 dere,
2552 4246 2680 4316 ejus
2711 4246 3380 4304 hostiliterresistamus
3404 4237 3777 4304 audaciam”

2361 4334 2500 4389 litur
2525 4333 2818 4389 subdolus
2846 4335 3016 4391 vafra
3052 4336 3390 4393 calliditate
3447 4328 3760 4392 incessanter

2365 4422 2577 4489 facere,
2605 4422 2898 4479 faciamus
2929 4424 2983 4480 ei
3014 4425 3186 4481 citius
3211 4442 3419 4498 quam
3462 4418 3771 4499 poterimus.

2364 4514 2508 4566 rate.
2540 4511 2833 4566 Mittamus
2863 4512 2937 4567 ad
2967 4528 3106 4568 eum
3135 4515 3493 4585 quemdam
3512 4502 3775 4568 intermmtl

2367 4600 2416 4655 si
2435 4599 2687 4655 voluerit
2714 4616 2825 4656 nos
2849 4607 3163 4674 promptos
3201 4603 3449 4659 habere
3500 4599 3612 4657 sibi
3650 4593 3713 4650 ad
3757 4603 3778 4637 Ξ

2367 4688 2536 4756 dum,
2564 4688 2852 4757 largiatur
2874 4689 3051 4746 nobis
3077 4695 3301 4747 terram
3339 4706 3547 4765 usque
3572 4686 3645 4744 ad
3671 4683 3776 4739 tium

2365 4777 2513 4834 lum.
2543 4779 2657 4833 Nos
2695 4777 3029 4850 frequentia
3086 4779 3384 4850 militum,
3442 4782 3494 4836 si
3539 4772 3753 4835 dederit.

2367 4882 2523 4923 mur.
2557 4864 2655 4921 llle
2681 4866 3000 4923 frustratus
3025 4868 3210 4925 milite
3240 4869 3692 4933 annullabitur,
3721 4871 3778 4914 ηε*

2368 4954 2511 5010 viris
2538 4954 2965 5024 indignationis
2994 4973 3114 5012 suae
3143 4958 3204 5014 in
3256 4974 3386 5015 nos
3441 4956 3743 5016 extendere

2368 5046 2483 5098 tur.
2518 5043 2782 5116 Hincque
2812 5045 3177 5116 potentiores
3201 5062 3272 5103 eo
3306 5048 3558 5105 erimus
3590 5047 3778 5102 fortuna

2371 5135 2510 5198 tute,
2543 5131 2637 5187 ille
2669 5137 2903 5189 tantum
2947 5133 3125 5190 nobis
3175 5137 3471 5194 nomine.
3501 5158 3531 5188 ι
3594 5134 3757 5205 Hujus

2367 5224 2601 5291 reperto
2624 5221 2893 5287 consilio,
2924 5222 3217 5280 miserunt
3244 5225 3331 5280 ad
3360 5227 3757 5285 Guillelmum.

2369 5311 2570 5363 cerent
2595 5307 2863 5366 nefanda
2880 5310 3417 5371 adinventionum.
3436 5316 3726 5372 Adstante
3746 5322 3777 5361 ε

2367 5394 2617 5451 lelmum
2648 5397 3035 5466 internuntio,
3068 5402 3451 5476 expletoque
3483 5398 3777 5477 legationis

2370 5482 2498 5555 ipse
2518 5483 2825 5557 obstupuit
2844 5503 3024 5560 super
3048 5488 3349 5546 mirandae
3384 5488 3776 5567 praesumptio

2370 5570 2473 5627 bo.
2504 5573 2817 5629 Accersitis
2871 5575 3052 5645 igitur
3103 5578 3511 5651 principibus
3569 5581 3710 5647 suis,
3755 5590 3777 5627 ο

2371 5673 2677 5733 russuper
2714 5662 2933 5719 talibus
2989 5666 3319 5736 mandatis,
3379 5672 3632 5729 remisit
3678 5667 3746 5725 ad

2372 5745 2574 5802 verbis
2603 5748 2867 5821 paciﬁcis
2891 5750 3155 5821 legatum
3189 5754 3668 5832 subsequentia
3718 5754 3778 5811 dit
