3878 6408
521 311 610 365 DE
654 313 892 371 GESTIS
933 318 1361 376 NORMANNl/E
1402 321 1642 378 DUCUM
1681 324 1862 378 LIBRI
1899 327 2092 382 TRES.
2135 358 2204 366 —
2243 328 2371 382 LIB.
2415 328 2504 380 Ill.
2547 324 2976 381 WlLLELMUS.

3362 327 3466 380 666

48 446 342 502 Victuram
374 447 563 502 quam
593 451 628 490 a
658 453 753 492 me
784 439 1036 511 requiris
1067 458 1187 498 non
1215 460 1462 516 possum
1494 445 1695 514 largiri
1726 450 1772 502 Α
1881 449 2064 519 Hujus
2122 449 2413 521 pestiferas
2469 449 2898 505 exhortationis
2972 449 3158 505 verbo
3209 450 3467 505 exercitu

59 539 233 610 ;;-:_;,.;s,
265 536 503 577 omnem
537 528 768 582 tantum
801 529 1227 602 supellectilem
1275 551 1461 606 quam
1509 535 1698 607 possi-

49 610 505 689 :_.:_.._,,-concedam
539 612 790 671 libenter
816 619 986 674 vobis
1020 639 1032 676 :
1084 621 1356 678 videlicet
1411 625 1694 693 armillas,

57 697 363 780 “irillalteos,
400 699 636 770 loricas,
698 710 754 759 et
810 706 1036 775 galeas,
1089 714 1266 782 atque
1315 715 1696 784 cambitores,

68 804 246 873 £1,333,
275 804 532 860 secures,
564 808 854 867 ensesque
882 798 1220 871 praecipuos
1259 817 1407 858 auro
1461 803 1698 859 mirabi—

48 959 51 964 Ι
79 927 82 960 Ι
128 875 451 966 ρένοιᾘίιῐοε.
484 883 678 938 Gratia
708 901 843 940 mea
869 887 1171 959 continua,
1195 891 1538 965 militireque
1572 893 1695 966 pal-

65 965 228 1053 __,,'.in
258 965 439 1022 domo
470 986 606 1026 mea
645 971 942 1043 fruemini,
1001 977 1047 1032 si
1099 977 1514 1037 incumbentes
1559 965 1694 1038 meo

71 1051 100 1145 ᾖ
125 1054 271 1139 ,τηὶῐὶο
301 1057 631 1115 voluntarie
663 1061 906 1120 fueritis.
942 1067 1264 1123 Consilium
1284 1086 1431 1125 mea:
1455 1071 1695 1127 ditionis

175 1160 269 1198 am
295 1144 353 1199 in
381 1162 481 1202 ore
506 1155 716 1215 vestro,
751 1156 806 1207 et
831 1154 1125 1226 quidquid
1153 1158 1455 1214 volueritis
1501 1165 1694 1217 vestro

48 1233 204 1332 {mu
230 1233 500 1305 explebo.
536 1239 721 1302 Quem
755 1243 1092 1314 opprimere
1117 1245 1442 1314 volueritis,
1496 1249 1696 1321 oppri-

65 1325 69 1330 '
92 1321 136 1346 ⁵⁷
162 1338 198 1375 n
225 1323 435 1378 acriter
460 1343 472 1390 ;
501 1342 804 1400 quemque
832 1331 1108 1402 abjicere,
1127 1335 1363 1406 penitus
1387 1337 1693 1408 abjiciam.

161 1429 176 1465 ξ
229 1417 621 1487 praeceperitis
680 1420 938 1477 exaltare
969 1466 982 1490 ,
1038 1430 1310 1496 potenter
1365 1428 1691 1496 exaltabo;

48 1517 331 1593 “rumque
388 1504 710 1577 humiliari,
763 1511 1036 1567 atrociter
1080 1514 1436 1572 humiliabo.
1492 1520 1695 1573 Vestro

48 1589 276 1678 :silio
332 1592 455 1648 haec
512 1597 705 1666 patria
752 1604 989 1669 regetur
1041 1607 1097 1657 et
1135 1603 1586 1671 dominabitur;
1638 1620 1698 1671 et

191 1686 382 1737 vestra
413 1689 674 1754 potestas
704 1687 762 1742 in
790 1690 955 1744 omni
986 1693 1324 1750 excelletur.
1384 1698 1574 1751 Meum
1603 1696 1689 1751 vi-

1805 536 2187 606 conglobato,
2222 542 2656 593 transmeantes
2688 537 2843 592 clam
2876 538 3169 610 Sequaan
3201 537 3464 606 alveum,

1799 625 1971 696 juxta
2021 628 2560 696 Rothomagensem
2615 625 2826 680 urbem
2882 626 2945 680 in
2993 626 3262 698 quodam
3295 632 3467 698 prato

1805 719 1997 770 castra
2026 716 2228 771 metati
2270 721 2423 771 sunt.
2484 718 2645 770 Tunc
2693 713 3040 770 Guillelmus
3086 716 3465 786 repentinum

1803 819 2096 876 perversae
2129 804 2522 860 multitudinis
2546 808 2816 859 metuens
2846 803 3158 875 impetum,
3202 803 3362 859 misit
3387 805 3464 860 ad

1804 909 1906 949 eos
1936 894 2285 949 humillimis
2315 894 2512 949 verbis
2542 893 2804 961 legatum
2835 909 2970 964 quae
3001 892 3184 947 modo
3211 892 3464 948 audietis

1803 982 2104 1038 dicturum
2140 1001 2151 1036 :
2182 1003 2212 1035 α
2245 986 2448 1038 Noster
2503 982 2700 1038 senior
2757 981 3121 1052 Guillelmus,
3165 981 3463 1052 juvenalis

1804 1071 1987 1125 aetatis
2018 1070 2163 1126 ﬂore
2194 1071 2435 1140 nitidus,
2467 1070 2590 1125 vult
2613 1069 2784 1124 vobis
2815 1085 2942 1124 esse
2973 1085 3079 1142 per
3117 1070 3322 1126 omnia
3359 1085 3465 1143 pa-

1804 1159 2008 1214 ciﬁcus
2043 1163 2098 1214 et
2125 1159 2467 1214 benevolus.
2503 1158 2738 1214 Mandat
2767 1174 2908 1213 vero
2933 1157 3103 1213 vobis
3166 1162 3230 1214 ut
3277 1159 3463 1214 hono-

1804 1264 1929 1303 rem
1960 1250 2136 1305 totius
2160 1249 2366 1321 patrize
2399 1265 2604 1304 secum
2634 1247 3105 1314 communicetis,
3140 1264 3370 1320 suoque
3400 1248 3460 1302 in

1804 1338 2052 1394 consilio
2079 1339 2274 1411 primi,
2307 1344 2363 1394 et
2388 1337 2781 1410 praemaximi.
2815 1336 3042 1391 cunctis
3086 1337 3458 1408 praecellatis.

1803 1430 2041 1483 Terram
2071 1433 2290 1493 autem,
2321 1444 2508 1500 quam
2535 1427 2666 1482 dari
2695 1426 2860 1480 vobis
2884 1424 3099 1496 petitis,
3119 1441 3241 1480 non
3263 1425 3458 1480 solum

1805 1533 1994 1589 usque
2020 1517 2095 1572 ad
2124 1517 2358 1584 Biﬂum,
2390 1533 2600 1572 verum
2632 1515 2806 1570 etiam
2851 1529 3044 1584 usque
3099 1512 3178 1568 ad
3236 1515 3459 1584 Sequa-

1802 1623 1944 1662 nam
1975 1607 2225 1663 libenter
2253 1607 2538 1663 concedet
2556 1605 2747 1661 vobis.
2778 1603 3032 1661 Conﬁdit
3057 1602 3217 1657 enim
3247 1618 3308 1657 se
3338 1607 3460 1656 tue-

1800 1697 1848 1752 ri
1874 1701 2064 1753 vestro
2091 1697 2388 1767 adjutorio
2422 1713 2434 1751 :
2463 1712 2571 1751 vos
2618 1698 2818 1750 autem
2867 1708 2990 1748 non
3039 1690 3326 1746 diﬁdatis
3367 1689 3456 1746 fo—

50 1767 181 1840 ίξε,
216 1787 538 1845 meumque
567 1791 793 1848 sapere,
829 1778 903 1834 sit
934 1779 1152 1837 abhinc
1183 1782 1244 1838 in
1290 1789 1488 1841 vestra
1531 1803 1581 1859 P‘

1952 1785 2289 1858 munirique
2317 1802 2424 1840 suo
2449 1784 2798 1857 patrocinio.
2848 1781 3147 1854 Quidquid
3176 1779 3457 1851 concupi-

231 1884 255 1909 ››
289 1864 556 1935 Cumque
589 1867 831 1922 nuntius
863 1869 1042 1940 hujus
1088 1872 1436 1930 humilitatis
1484 1891 1689 1946 perve-

62 1947 207 2036 'ij'jvjet
236 1947 313 2004 ad
343 1948 601 2006 Riulfum
659 1953 834 2010 totius
889 1961 1400 2033 praesumptionis,
1455 1979 1665 2018 narras

53 2039 229 2121 λίίυθ
286 2039 334 2093 ei
397 2038 757 2108 legationem
813 2048 991 2102 tantae
1044 2048 1390 2106 humilitatis
1423 2057 1476 2107 et
1517 2068 1686 2107 man-

48 2127 399 2206 -'-"-";udinis;
456 2128 683 2186 illectus
731 2135 1076 2204 arrogantia
1133 2155 1258 2194 suae
1313 2141 1684 2209 temeritatis,

51 2211 584 2308 175:;vipendensque
616 2222 906 2279 mandata
935 2225 1287 2282 humillimae
1313 2228 1684 2302 deprecatio-

48 2306 434 2392 ‘i'r'd’Guillelmi
465 2308 655 2378 ducis,
689 2315 1034 2369 convocatis
1063 2317 1434 2389 principibus
1479 2335 1688 2392 sequa-

48 2384 186 2470 iT-S‘iis
239 2412 360 2451 suae
416 2400 858 2471 praesumptisz
906 2384 1275 2471 voluntatis;
1310 2407 1503 2463 retulit
1549 2384 1684 2480 quae

50 2485 289 2570 lC-‘ﬁ'ierat
314 2492 632 2558 perorante
660 2488 876 2558 legato,
928 2508 1029 2547 ore
1085 2494 1477 2553 fraudulentas
1528 2498 1685 2554 calli-

48 2571 130 2617 3“?"
143 2574 232 2629 tis.
262 2577 424 2630 Tunc
454 2592 684 2631 veneno
711 2579 978 2651 perﬁdiae
1019 2582 1306 2648 suffusus,
1363 2593 1682 2659 menteque

48 2661 355 2720 "-vitumaci
386 2665 680 2734 turgibus,
709 2671 1023 2725 temerario
1053 2685 1154 2727 ore
1210 2675 1390 2742 garrit
1448 2677 1574 2731 haec
1619 2677 1680 2730 in

50 2751 360 2827 :Jr-J‘icipum
411 2755 700 2810 auribus:
755 2781 780 2806 ‹‹
832 2758 1020 2814 Verbo
1074 2765 1251 2816 tantm
1305 2763 1676 2831 humilitatis,

58 2836 197 2898 '-:‘3"m
230 2842 509 2913 audistis,
541 2846 820 2917 praesagit
847 2862 957 2902 nos
983 2849 1363 2921 acquiescere
1413 2858 1470 2908 et
1501 2869 1678 2925 sopo-

73 2936 164 2996 ris";
202 2932 410 3004 sicque
441 2933 774 3004 prolixitate
814 2941 991 2992 tautae
1037 2938 1400 2996 dilatationis
1446 2943 1680 2997 Franci-

49 3015 228 3077 --‘r7-'am
282 3023 656 3094 parentelam
707 3042 830 3080 suae
885 3028 1292 3096 generositatis
1351 3032 1676 3101 conjuratis

1800 1872 1955 1927 scitis
1982 1873 2271 1940 habeatis,
2299 1873 2594 1946 quidquid
2623 1888 2824 1927 rerum
2855 1870 3026 1926 vultis
3046 1870 3459 1925 incunctanter

1798 1962 2170 2034 possideatis.
2204 1965 2270 2018 Ut
2297 1962 2373 2018 ad
2396 1977 2534 2016 eum
2560 1960 2860 2016 humiliter
2887 1963 3164 2032 precatur
3205 1956 3455 2030 paciﬁce

1797 2050 2068 2116 veniatis,
2101 2052 2349 2123 ejusque
2393 2049 2782 2106 amicabiliter
2839 2046 3138 2119 colloquio
3191 2049 3452 2114 ruentes,

1799 2155 2002 2193 secum
2055 2139 2348 2194 habitetis.
2395 2162 2422 2188 ι»
2485 2142 2645 2194 Tunc
2695 2136 2920 2193 Riulfus
2957 2135 3225 2190 incentor
3273 2133 3455 2203 hujus

1797 2227 1938 2283 mali
1967 2227 2392 2300 nequissimus,
2415 2226 2763 2298 fraudisque
2793 2224 3105 2281 diabolicae
3131 2222 3298 2278 furiis
3318 2222 3458 2277 bac-

1795 2317 2030 2384 chatus,
2084 2316 2278 2388 inquit
2305 2316 2500 2385 legato
2547 2331 2671 2388 prae
2725 2313 3008 2369 omnibus
3041 2329 3053 2367 :
3089 2333 3116 2359 ‹‹
3149 2314 3456 2366 Revertere

1794 2405 2059 2472 celerius,
2094 2405 2188 2460 dic
2217 2404 2526 2460 Guillelmo
2556 2408 2614 2460 et
2641 2404 2763 2458 suis
2795 2401 3102 2471 omnibus,
3135 2405 3198 2455 ut
3220 2404 3392 2456 exeat
3420 2415 3456 2455 a

1792 2493 2094 2549 mmnibus
2124 2493 2376 2549 civitatis
2405 2493 2606 2564 hujus,
2665 2497 2945 2564 petatque
3006 2493 3260 2545 Francos
3313 2504 3454 2543 suos

1793 2587 2068 2655 parentes
2093 2582 2281 2637 citius.
2316 2585 2442 2636 Non
2472 2581 2632 2637 enim
2680 2580 2787 2635 erit
2836 2580 3028 2634 haeres
3084 2576 3237 2631 ultra
3285 2581 3452 2630 terrea

1790 2673 1992 2742 hujus,
2025 2688 2134 2727 nec
2164 2671 2350 2726 nostri
2380 2670 2641 2744 amplius
2673 2667 3120 2732 dominabitur;
3153 2665 3297 2737 quia
3341 2680 3452 2719 no-

1790 2762 1884 2817 bis
1915 2767 2002 2817 est
2029 2762 2396 2828 incongruus
2427 2764 2483 2814 et
2512 2758 2829 2814 obnoxius.
2853 2759 3028 2811 Terra
3058 2770 3216 2819 vero,
3261 2769 3452 2824 quam

1789 2851 2145 2923 repromittit
2201 2849 2395 2916 nobis,
2452 2849 2613 2904 dono
2663 2848 2791 2917 ejus
2820 2861 2943 2900 non
2990 2843 3248 2908 dabitur,
3307 2843 3451 2914 quia

1790 2942 1920 2996 dari
1946 2956 2068 2996 non
2098 2945 2292 3012 potest
2319 2938 2486 3011 quod
2513 2954 2635 2993 non
2681 2937 2953 2991 habetur.
2999 2934 3055 2988 Si
3083 2948 3225 2988 vero
3257 2931 3453 2987 civita-

1790 3035 1909 3086 tem
1940 3046 2063 3085 non
2093 3030 2364 3084 deserere
2391 3027 2683 3090 maluerit,
2717 3042 2828 3081 nos
2859 3039 3097 3096 semper
3125 3040 3259 3078 eam
3289 3022 3454 3076 inva-

52 3110 386 3183 .=.--":‘«'icipibus
413 3115 470 3165 et
499 3111 719 3183 ascitis,
779 3131 959 3187 super
990 3132 1101 3171 nos
1134 3117 1336 3173 nititur
1366 3119 1674 3176 coaduna-
1708 3145 1751 3201 ε
1789 3121 2023 3184 demus,
2055 3135 2246 3191 eaque
2273 3122 2470 3190 capta,
2528 3115 2906 3173 Guillelmum
2956 3119 3012 3168 et
3059 3129 3200 3167 suos
3251 3111 3453 3181 gladio

48 3198 676 3258 rimimadvertamus
705 3202 903 3276 igitur,
951 3221 1025 3260 ne
1077 3205 1467 3279 decipiamur,
1526 3225 1676 3265 neve

64 3290 338 3345 aﬂnciscis
369 3290 645 3358 gentibus
676 3298 1076 3352 conteramur.
1113 3301 1239 3353 Non
1281 3315 1392 3354 nos
1420 3305 1680 3371 proterat

51 3376 324 3436 :Liditate
357 3395 479 3433 suae
503 3384 1035 3450 argumentationis
1067 3386 1312 3449 diutius.
1346 3405 1555 3444 verum
1582 3406 1677 3445 oc-

53 3481 319 3530 ;;.:',.~amus
343 3466 395 3520 ei
417 3468 776 3538 conglobato
799 3472 877 3527 ad
900 3475 1446 3545 Rothomagensem
1464 3479 1676 3534 urbem

51 3559 264 3615 ﬂrcitu
296 3555 493 3625 citius,
529 3562 592 3612 ut
620 3559 715 3630 ipe
746 3564 802 3615 et
828 3562 1148 3618 consiliarii
1199 3566 1328 3635 ejus
1384 3567 1676 3622 Rothomo

65 3649 340 3708 galantur.
399 3645 662 3719 Hincque
716 3649 932 3719 majori
982 3667 1086 3722 spe
1149 3653 1491 3726 fiduciaque
1549 3661 1676 3710 tue-

51 3749 220 3821 1gitur,
285 3735 602 3807 securique
662 3737 1023 3794 seditionum
1077 3741 1200 3796 sine
1253 3749 1524 3815 respectu
1569 3744 1676 3798 eri—

48 3845 150 3897 y;s.
200 3848 230 3875 ››

459 3928 820 3970 APOSTROPHA
865 3932 934 3969 AD
974 3933 1231 3972 RIULFUM.

48 4007 256 4078 [ct-bus,
283 4000 368 4056 ah
399 4001 409 4055 l
444 4003 674 4069 nocuis,
701 4004 1086 4059 meditatibus
1117 4010 1295 4078 atque
1326 4007 1602 4064 nefandis

50 4095 269 4168 ﬁstidiaa
307 4089 668 4162 invidiaeque
689 4092 815 4146 lues
841 4110 1023 4166 quem
1051 4095 1235 4151 fmdat
1261 4096 1478 4152 acerba
1502 4098 1530 4152 ?

48 4183 255 4257 ._;nine
286 4177 421 4249 jam
453 4178 570 4233 vitii
603 4187 929 4247 crassante,
962 4181 1148 4238 Riulfe
1175 4185 1456 4256 superbe,

134 4285 269 4326 non
301 4267 615 4322 baccharis
651 4267 884 4334 frustra,
917 4287 1022 4325 cur
1047 4271 1271 4343 perﬁde
1305 4273 1474 4328 saevis
1501 4273 1530 4328 ‘I

48 4345 258 4432 flectus
291 4354 465 4424 vitiis,
498 4357 714 4411 mentis
736 4373 914 4413 curru
934 4358 1204 4425 falerato,

53 4431 231 4524 :r-bus
266 4443 629 4500 exhaustum
662 4463 767 4500 cur
797 4451 849 4502 te
877 4448 1069 4518 jactas
1097 4448 1376 4504 bonitatis
1407 4450 1433 4504 ?

64 4557 99 4613 μ’
135 4531 364 4592 timido
395 4531 548 4587 fastu
580 4534 833 4590 nimium
863 4542 1191 4608 pompante
1223 4538 1495 4609 superbis
1519 4539 1546 4593 ?

52 4627 235 4699 ,';-que
270 4619 562 4676 voluntati
596 4624 826 4678 Domini
857 4641 1037 4696 super
1065 4630 1228 4680 astra
1255 4628 1555 4682 manentis

48 4699 210 4790 igere
247 4709 489 4766 conaris
513 4727 703 4766 vacuo
733 4713 1049 4768 conamine
1083 4713 1310 4768 sudans
1335 4715 1362 4769 ?

48 4842 74 4874 η
115 4798 337 4863 sodes,
365 4795 601 4852 inimice
629 4797 751 4867 Dei,
789 4815 1080 4870 quorsum
1114 4802 1466 4872 properabis
1493 4803 1521 4856 ‘I

48 4875 516 4966 psumcastra
529 4887 979 4956 feres,gressum
998 4906 1412 4961 quorsumque
1427 4890 1675 4946 citabiS?

48 4961 234 5052 :men
269 4973 606 5042 seductum,
629 4975 915 5048 vafroque
946 4978 1316 5049 sophismata
1345 4985 1538 5034 totum

47 5055 342 5162 émones
368 5079 661 5138 quorsum
694 5065 858 5119 furiis
887 5065 1215 5122 bacchatus
1245 5068 1476 5123 acerbis
1505 5071 1532 5124 ?

50 5152 176 5229 Qus
210 5153 576 5208 innumeros
609 5158 700 5208 ast
727 5152 1054 5208 infortunia
1081 5171 1325 5227 passus,

48 5235 364 5322 illicioque
396 5241 496 5296 Dei
527 5242 836 5313 perculsus
864 5242 1106 5314 pestifer
1130 5243 1362 5316 ingens,

48 5347 207 5420 {eor
241 5327 409 5381 exitii
427 5327 618 5420 tluidi,
644 5343 1032 5420 praecepsque
1065 5331 1388 5403 Carybdim

47 5417 238 5506 gessu
277 5417 579 5472 acceleras
612 5419 841 5473 tumido
867 5434 1108 5487 gressus
1132 5421 1411 5478 ruituros.

48 5504 120 5580 ,m
162 5504 501 5580 prOprium
531 5504 698 5559 elatis
731 5522 859 5560 sese
887 5511 1214 5574 praetollere
1245 5512 1436 5580 valde,

48 5583 174 5684 ἕως]
187 5604 272 5646 ue
311 5591 622 5662 repentino
652 5609 795 5648 casu
826 5594 1083 5655 nimium
1115 5601 1382 5658 cruciari.

48 5676 185 5748 lua
217 5676 400 5734 frons
429 5679 749 5753 teriturque
781 5687 1100 5755 supercilio
1135 5697 1406 5759 vacuato,

47 5799 61 5838 ε
100 5765 389 5832 humilis
420 5766 672 5836 nitidam
703 5774 895 5838 gestat
911 5773 1189 5834 redimita
1216 5794 1524 5838 coronam.

1710 4495 1749 4547 Ι)

1788 3215 2187 3266 conteremus.
2225 3232 2252 3258 ››
2294 3212 2563 3280 Cumque
2588 3205 2987 3262 internuntius
3027 3221 3160 3278 quae
3191 3202 3455 3258 audisset

1790 3295 2100 3350 Guillelmo
2130 3295 2267 3350 duci
2295 3295 2641 3351 festinanter
2682 3294 3000 3362 retulisset,
3057 3290 3312 3346 novitate
3369 3288 3453 3343 rei

1789 3389 2037 3453 stupens
2069 3383 2330 3452 diriguit,
2362 3382 2823 3453 convocatisque
2852 3379 3242 3452 principibus,
3290 3393 3454 3432 exer-

1789 3469 2027 3541 cituque
2061 3470 2423 3538 coadunato,
2454 3469 2600 3524 urbe
2632 3469 2788 3533 exiit,
2821 3467 3160 3537 montisque
3186 3465 3453 3537 procliva

1788 3557 2006 3614 civitati
2058 3557 2516 3612 imminentioris
2574 3556 2755 3611 subiit
2789 3573 2801 3609 :
2835 3555 3082 3626 cupiens
3125 3553 3451 3608 exercitum

1788 3647 2167 3702 inimicorum
2201 3662 2446 3700 suorum
2479 3645 2712 3712 intueri,
2747 3645 2793 3699 si
2825 3644 2971 3699 forte
3001 3641 3286 3698 dimicare
3316 3657 3451 3712 pos-

1791 3741 1879 3792 set
1908 3752 2044 3792 cum
2076 3734 2440 3790 illis.Videns
2482 3739 2681 3790 autem
2715 3732 3036 3788 exercitum
3069 3730 3450 3785 inimicorum

1791 3842 2038 3881 suorum
2083 3825 2377 3894 majorem
2431 3841 2559 3892 suo,
2611 3830 2667 3879 et
2709 3823 3129 3896 copiosiorem,
3183 3819 3331 3875 dixit
3370 3819 3450 3874 ad

1790 3913 2158 3970 Bernardum
2189 3912 2548 3982 Dacigenam
2583 3912 2828 3968 militem
2865 3928 2877 3966 :
2911 3933 2938 3958 «
2973 3910 3073 3965 Ibo
3099 3908 3178 3965 ad
3207 3908 3453 3964 Bernar-

1788 4005 1935 4058 dum
1969 4003 2469 4060 Silvanectensem
2502 4019 2707 4058 meum
2727 4000 3114 4068 avunculum,
3144 3999 3453 4055 morabor-

1788 4110 1905 4165 que
1932 4094 2164 4148 tamdiu
2194 4093 2357 4165 apud
2388 4093 2576 4159 illum,
2607 4093 2800 4149 donec
2831 4095 3068 4164 prtestet
3116 4089 3290 4146 nobis
3343 4089 3449 4144 ali-

1788 4183 1950 4254 quod
1983 4182 2293 4238 auxilium.
2330 4183 2467 4253 Ejus
2497 4183 2745 4238 consilio
2771 4187 2827 4237 et
2852 4180 3148 4252 adjutorio
3171 4181 3326 4234 hanc
3356 4194 3449 4233 re-

1787 4272 2023 4326 vocabo
2055 4277 2291 4335 terram.
2325 4288 2657 4344 omnesque
2715 4273 2827 4327 hos
2873 4269 3162 4325 exercitus
3203 4271 3452 4322 Franco-

1787 4375 1924 4415 rum
1955 4361 2240 4416 hostiliter
2271 4366 2595 4415 conteram.
2651 4360 2869 4415 Delebo
2925 4359 3056 4428 hos,
3110 4358 3448 4426 horumque

1791 4449 2209 4518 cogitationem
2239 4448 2476 4520 penitus
2505 4465 2541 4504 a
2562 4447 2712 4503 facie
2743 4453 2930 4516 terrae,
2959 4451 3158 4502 etnon
3179 4459 3449 4500 remane-

1789 4535 1875 4590 bit
1903 4537 2118 4590 harum
2151 4551 2570 4608 progemerum
2600 4535 2754 4589 ullus
2784 4536 2841 4588 in
2877 4540 2997 4588 toto
3026 4533 3190 4588 orbe.
3227 4554 3254 4581 ››
3285 4535 3446 4586 Tunc

1790 4624 2084 4692 Dacigena
2115 4622 2453 4678 Bernardus
2484 4621 2865 4693 respondisse
2895 4619 3077 4675 fertur
3108 4637 3120 4673 :
3168 4641 3196 4667 «
3227 4622 3446 4675 Tecum

1790 4727 1979 4782 usque
2009 4711 2087 4766 ad
2138 4713 2294 4782 Eptae
2353 4709 2665 4764 ﬂuviolum
2718 4707 3179 4781 properabimus
3235 4723 3445 4762 verum

1787 4799 2100 4855 Franciam
2127 4815 2248 4854 non
2280 4799 2728 4871 penetrabimus
2753 4816 2765 4864 ;
2795 4798 2939 4871 quia
2965 4796 3274 4870 quondam
3304 4812 3443 4852 cum

1786 4891 1953 4959 patre
1983 4892 2085 4942 tuo
2112 4903 2247 4943 eam
2279 4903 2438 4959 saepe
2458 4886 2629 4941 bellis
2664 4885 3065 4959 repetivimus,
3098 4883 3444 4956 multosque

1785 4976 2045 5048 incoepto
2067 4976 2270 5048 praelio
2301 4976 2752 5048 prostravimus.
2771 4976 2920 5041 Quin
2954 4975 3131 5030 etiam
3163 4974 3443 5045 supersti-

1787 5071 1902 5122 tem
1933 5066 2130 5122 adhuc
2160 5083 2306 5122 avos
2334 5072 2388 5121 et
2417 5066 2770 5134 avunculos,
2822 5071 3020 5138 patres
3069 5069 3122 5120 et
3169 5068 3440 5136 patruos,

1786 5161 2134 5211 materteras
2165 5161 2221 5211 et
2250 5156 2509 5224 amittas,
2538 5155 2929 5210 consobrinos
2983 5159 3037 5210 et
3081 5154 3442 5223 consangui-

1783 5259 1949 5309 neos,
1975 5251 2078 5300 aut
2107 5243 2532 5310 interemimus,
2566 5249 2667 5300 aut
2692 5244 3144 5316 captivavimus.
3191 5246 3254 5299 Et
3291 5259 3444 5317 quo-

1785 5333 1969 5388 modo
2017 5333 2384 5406 quiverimus
2440 5337 2741 5389 tantorum
2793 5333 3176 5389 inimicorum
3229 5332 3442 5389 faciem

1785 5421 2104 5477 subsistere
2124 5421 2152 5477 ?
2182 5421 2389 5477 Aliena
2419 5422 2609 5476 mavis
2640 5423 2878 5494 quadra
2905 5423 3056 5492 vilis,
3096 5421 3442 5496 nulliusque

1783 5511 2043 5567 utilitatis
2061 5512 2466 5582 vivere,quam
2489 5528 2742 5581 regnum
2772 5529 2976 5584 regere
3008 5517 3060 5568 et
3087 5518 3394 5585 protegere
3414 5512 3442 5567 ‘I

1784 5603 1904 5669 Ego
1933 5607 1988 5656 et
2013 5605 2317 5656 consortes
2347 5601 2461 5656 mei
2493 5607 2545 5657 te
2577 5619 2699 5659 non
2727 5620 3068 5678 sequemur,
3100 5618 3295 5676 neque
3321 5616 3442 5675 quo

1781 5695 1870 5746 vis
1900 5691 2365 5765 proﬁciscemur.
2393 5693 2638 5762 Navigio
2669 5711 2813 5767 erga
2839 5697 3077 5753 Daciam
3099 5702 3316 5750 nostrae
3339 5706 3438 5746 na-

1782 5781 2022 5838 tivitatis
2047 5787 2267 5838 terram
2293 5787 2655 5855 repetemus,
2705 5788 2850 5861 quia
2878 5788 3030 5844 duce
3067 5789 3124 5841 et
3152 5783 3440 5842 advocato
