3968 6378
387 266 489 327 667

1365 262 1669 327 DUDONIS
1712 259 1971 323 DECANI
2011 258 2067 313 S.
2107 256 2416 327 QUINTINI
2455 255 2844 317 VIROMAND.

3741 253 3867 305 668

387 402 682 449 caremus.
717 390 842 447 Non
874 387 1035 442 vales
1065 386 1239 447 nobis
1270 386 1421 447 ultra
1464 386 1691 443 viribus
1735 383 2043 443 effcmina-
2091 388 2135 439 Α
2164 380 2179 434 i
2210 402 2218 435 t
2257 395 2379 452 quo
2408 378 2634 434 bellum
2668 376 2938 436 mirabile
2967 375 3093 441 fuit,
3124 374 3338 431 dicitur
3369 390 3560 445 usque
3592 374 3653 429 in
3692 389 3867 445 prm-

387 480 483 535 tus
514 492 789 547 praeesse,
821 476 966 547 quia
993 480 1246 533 mortem
1278 476 1494 535 metuis
1525 475 1616 530 his
1648 473 1919 535 hostibus
1944 472 2049 526 im-

389 565 636 622 minere.
680 588 707 615 »
750 566 845 623 His
876 565 1220 636 asperrimis
1251 563 1852 620 sermocinationibus
1892 560 2049 616 Guil-

386 653 602 717 lelmus
632 654 964 723 instigatus,
995 654 1145 711 dixit
1174 654 1474 711 Bcrnardo
1509 654 1815 722 Dacigeme
1846 667 2049 706 coram

388 743 611 799 caeteris
669 743 1039 815 principibus
1074 760 1085 801 :
1122 762 1151 797 α
1181 744 1353 801 Duris
1413 748 1470 799 et
1516 744 1815 799 obscaenis
1853 740 2051 796 verbis

387 848 484 891 me
513 832 757 904 turpiter
773 833 1228 897 lacessisti,cum
1256 850 1351 890 me
1380 833 1811 896 effeminatum,
1840 830 2050 886 armis-

387 939 504 995 que
542 923 849 992 frigidum,
905 923 1051 995 quin
1083 924 1261 981 etiam
1302 923 1555 981 nihilum
1611 922 1857 977 vocasti.
1906 924 2051 975 Ecce

386 1012 614 1084 praeibo
646 1012 889 1082 signifer
914 1012 1257 1071 festinanter
1288 1014 1363 1073 ad
1415 1012 1709 1084 praelium,
1756 1016 1813 1071 et
1849 1015 2051 1066 conte-

389 1116 519 1161 ram
553 1105 893 1160 constanter
920 1102 1246 1160 exercitum
1278 1102 1679 1163 inimicorum.
1738 1098 2053 1157 Devorabit

390 1190 626 1261 gladius
657 1207 830 1251 meus
861 1208 1071 1253 carnes
1097 1193 1498 1264 perjurorum,
1548 1192 2050 1264 disrumpamque

389 1283 445 1342 et
486 1278 799 1350 dissipabo
830 1284 1023 1335 castra
1048 1296 1280 1338 eorum.
1332 1284 1457 1340 Non
1488 1280 1711 1337 diutius
1740 1294 1955 1344 segnes
1996 1282 2053 1337 et

389 1367 579 1423 timidi
606 1368 951 1437 moramini,
970 1385 1176 1431 verum
1206 1386 1300 1426 me
1330 1370 1677 1429 festinanter
1706 1366 2047 1440 sequimini,

388 1461 445 1511 et
468 1457 826 1515 invadamus
857 1474 959 1515 eos
990 1464 1054 1517 ut
1077 1476 1270 1529 agnos
1299 1460 1444 1532 lupi.
1494 1484 1517 1506 η
1547 1462 1804 1519 Cernens
1846 1463 2049 1519 autem

388 1547 725 1605 Bernardus
754 1549 1219 1619 animos1tatern,
1253 1550 1775 1621 constantiamque
1819 1547 2048 1605 virilem

388 1636 678 1693 Guillelmi
702 1638 897 1705 ducis,
930 1639 1077 1699 dixit
1106 1640 1181 1699 ad
1211 1657 1350 1699 eum
1401 1640 1599 1697 verbis
1650 1637 2000 1699 humillimis
2034 1653 2047 1691 :

390 1747 418 1774 ‹‹
450 1726 698 1785 Domine
728 1727 851 1787 dux
883 1730 1438 1802 praepotentissime,
1469 1729 1590 1785 noli
1616 1728 1795 1787 irasci
1847 1732 2051 1785 nostra
2081 1740 2120 1792 Β

387 1815 763 1887 allocutione,
796 1819 940 1890 quia
970 1836 1346 1891 consequens
1376 1823 1464 1877 est
1492 1824 1549 1873 et
1578 1819 1717 1875 utile
1744 1818 1908 1891 quod
1940 1833 2048 1873 no-

387 1902 478 1959 bis
500 1904 680 1973 iubes
709 1904 921 1965 facere.
956 1910 1209 1965 Tantum
1240 1909 1622 1979 experiamur
1668 1906 1804 1979 quis
1854 1911 2049 1965 tecum

386 1990 494 2049 ibit
520 1992 596 2053 ad
628 1993 921 2065 praelium,
950 1995 1177 2067 quique
1210 1996 1567 2061 subvenicnt
1606 1994 1708 2055 tibi
1758 1994 1818 2051 in
1877 1994 2047 2053 auxi-

385 2078 554 2149 lium.
587 2100 617 2135 ιν
645 2084 877 2153 Reperti
907 2089 1048 2141 sunt
1079 2085 1378 2143 Bernardo
1425 2085 1760 2156 inquirente
1810 2082 2049 2145 trecenti

386 2167 517 2234 viri,
550 2170 743 2241 parati
781 2187 919 2232 cum
952 2171 1263 2235 Guillelmo
1304 2173 1556 2243 praeliari
1608 2178 1665 2233 et
1718 2172 1891 2230 mori.
1940 2172 2046 2239 Qui

388 2257 704 2315 unanimes
734 2263 870 2314 ante
900 2258 1068 2321 illum
1101 2265 1408 2324 venerunt,
1422 2260 1839 2333 judiciumque
1870 2259 2050 2317 foede-

388 2343 491 2410 ris,
525 2344 803 2418 ﬁdeique,
828 2352 884 2409 et
912 2348 1280 2417 adjutorium
1311 2365 1476 2407 more
1505 2352 1801 2407 Dacorum
1830 2348 2047 2415 faciens

385 2433 611 2497 tes,tela
637 2440 860 2495 mutuae
892 2435 1209 2501 voluntatis
1237 2441 1412 2507 pacto
1445 2453 1565 2493 una
1596 2442 2046 2495 concusserunt.

378 2524 609 2597 Cretera
642 2540 780 2579 vero
804 2540 949 2593 gens
999 2526 1182 2585 armis
1222 2526 1435 2596 frigida
1458 2526 1699 2583 recessit
1741 2526 1819 2581 ad
1851 2526 2049 2599 praesi-

386 2609 555 2668 dium
584 2611 748 2673 urhis
779 2612 947 2671 celeri
980 2614 1143 2683 fuga.

1025 2720 1410 2763 APOSTROPHA.

386 2789 644 2849 Moribus
670 2794 727 2853 et
755 2792 977 2855 meritis
1009 2792 1277 2863 celebris,
1313 2794 1622 2853 Guillelmo
1653 2794 1883 2869 patrici,

383 2878 606 2947 Iurgia,
638 2879 816 2945 dicta,
845 2880 1062 2951 minas,
1090 2881 1241 2949 lites,
1276 2882 1548 2951 divortia,
1582 2884 1761 2951 rixas,

387 2965 562 3031 Bella,
596 2968 1001 3038 supercilium,
1038 2969 1417 3042 fraudesque,
1451 2971 1691 3038 duellia,
1725 2971 1930 3031 telum.

388 3054 573 3123 Hujus
598 3055 863 3126 perﬁdiae
894 3058 1099 3129 populi
1131 3059 1515 3130 spurcamine
1546 3059 1724 3132 pleni.

388 3146 468 3203 Ne
494 3142 703 3211 timeas
732 3144 1059 3218 trepidans,
1094 3147 1379 3203 formides
1412 3163 1486 3207 ne
1516 3148 1951 3211 verecundans.

389 3236 656 3304 Namque
685 3233 746 3293 in
779 3238 830 3290 te
860 3235 1053 3295 feritat
1081 3235 1207 3297 dire
1239 3252 1386 3306 gens
1417 3238 1543 3293 hch
1572 3238 1698 3297 sine
1726 3254 1930 3309 causa,

385 3324 597 3391 Torva,
628 3321 813 3393 ferox,
838 3331 1106 3395 ventosa,
1138 3343 1384 3398 procax,
1417 3328 1676 3398 incauta,
1711 3328 1966 3400 rebellis,

387 3410 753 3479 Inconstans,
787 3414 1116 3486 disparque
1148 3416 1257 3471 sibi
1282 3416 1560 3475 novitatis
1593 3433 1797 3477 amore
1828 3437 1839 3472 :

386 3500 639 3569 Prodiga
669 3502 1013 3573 verborum,
1048 3520 1257 3563 verum
1288 3521 1409 3561 non
1436 3507 1689 3578 prodiga
1712 3507 1868 3571 facti,

385 3592 589 3657 Prava,
626 3593 907 3663 superba,
934 3593 1222 3663 maligna,
1255 3596 1503 3667 nefaria,
1538 3596 1851 3664 flagitiosa.

386 3680 650 3747 Letifera,
677 3687 734 3741 et
757 3699 881 3749 rea,
912 3684 1206 3755 pestifera,
1237 3690 1293 3741 et
1323 3686 1630 3755 scelerata,
1664 3687 1939 3759 profana,

382 3770 598 3831 Toxica
623 3772 841 3842 viperei
871 3772 1217 3831 diﬁundens
1242 3774 1503 3846 plurima
1531 3776 1658 3842 viri,

381 3859 738 3929 Tranquillw
758 3861 924 3931 pacis
948 3862 1224 3917 stabilem
1256 3869 1509 3934 pertaesa
1541 3868 1827 3931 tenorem.

380 3946 659 4007 leroboal
687 3949 950 4011 Gedeum
980 3950 1254 4011 contrivit
1282 3952 1701 4020 concutiendo,

384 4032 595 4099 Divino
626 4036 888 4097 monitus
912 4037 1105 4108 jussu,
1136 4045 1407 4111 nutuque
1438 4056 1721 4113 superno,

382 4124 489 4178 Ter
507 4129 720 4195 quater
744 4126 1055 4197 armigeris
1083 4128 1384 4199 prieclaris
1414 4145 1685 4201 quinque
1714 4129 1919 4201 viginti

380 4212 607 4270 Judicis
636 4214 859 4273 aetherii
881 4216 1058 4286 jussu
1090 4217 1387 4277 sumendo
1413 4218 1700 4290 probatis.

385 4302 551 4367 Haud
582 4320 752 4365 secus
780 4305 1103 4367 auxiliante
1135 4309 1252 4363 Deo
1280 4306 1689 4364 annullabitur
1717 4308 1840 4367 istis

382 4390 565 4461 Digne
595 4394 929 4464 promeritis
958 4400 1009 4451 te
1036 4396 1397 4468 tripudiaute
1428 4397 1719 4457 trecentis.

451 4483 611 4543 Tunc
664 4483 1012 4544 Guillelmus
1070 4502 1208 4541 cum
1257 4487 1529 4555 trecentis
1586 4486 1742 4544 ferro
1796 4486 2042 4555 indutis,

377 4570 547 4633 irruit
574 4579 816 4644 repente
847 4590 1026 4646 super
1050 4575 1295 4639 inimica
1324 4583 1519 4639 castra
1551 4576 1875 4635 temerariae
1898 4577 2048 4633 mul-

380 4659 665 4727 titudinis,
696 4669 1009 4725 conterens
1042 4682 1165 4731 eos,
1198 4670 1255 4725 et
1285 4665 1621 4725 dilacerans
1650 4665 2046 4723 mucronibus

380 4754 437 4805 et
466 4750 705 4811 lanceis.
740 4753 999 4825 Disrupit
1047 4755 1295 4812 tentoria
1334 4755 1696 4826 principum,
1754 4755 2046 4814 incendit-

378 4854 499 4911 que
546 4840 812 4910 magalia
859 4843 1115 4905 militum
1173 4859 1444 4900 suorum.
1521 4845 1844 4901 Prosternit
1892 4860 2047 4916 quos

380 4928 581 4997 gladio
609 4931 844 5002 reperit,
904 4932 1337 5004 obstantesque
1370 4933 1483 4990 sibi
1516 4936 1665 4993 Orco
1696 4934 2044 4993 transmisit.

380 5016 693 5081 obtinente
750 5019 929 5087 igitur
980 5020 1293 5089 Guillelmo
1362 5021 1437 5079 de
1508 5022 1764 5079 inimicis
1838 5021 2047 5079 trium--~

377 5104 592 5175 phum,
651 5107 877 5171 Biulfus
934 5108 1223 5179 fugiendo
1272 5110 1533 5173 evanuit.
1567 5113 1755 5177 Quem
1789 5125 2048 5182 sequens

379 5207 521 5263 pars
568 5196 859 5263 exercitus
929 5199 1439 5275 comprehendere
1515 5200 1821 5271 nequivit,
1903 5199 2049 5271 quis

381 5278 669 5343 densitate
701 5285 862 5342 silvae
907 5288 1185 5347 occuluit.
1218 5289 1509 5349 Plurimos
1560 5295 1761 5347 autem
1808 5288 2048 5359 illorum

382 5367 699 5427 absorbuit
751 5376 1049 5445 Sequana,
1104 5376 1449 5449 multosque
1504 5377 1798 5447 laceratos
1853 5380 2049 5434 conte-

387 5454 469 5521 κη
520 5460 577 5511 et
614 5457 780 5515 silva.
831 5466 991 5521 Tunc
1044 5466 1389 5525 Guillelmus
1448 5467 1705 5533 lustrans
1758 5482 2048 5538 campum

387 5542 768 5609 cadaverum,
819 5553 876 5607 et
930 5567 1051 5607 non
1108 5554 1418 5613 inveniens
1488 5560 1793 5615 mortuum
1858 5554 2045 5615 ullum

390 5645 659 5695 suorum,
691 5632 1040 5699 gloriﬁcavit
1067 5658 1205 5696 cum
1239 5644 1362 5698 suis
1388 5646 1597 5711 Deum,
1629 5645 1734 5714 qui
1768 5644 2048 5705 subvenit

389 5719 769 5789 sperantibus
823 5723 882 5783 in
936 5743 996 5783 se
1045 5728 1106 5791 in
1164 5730 1552 5805 adiutorium.
1598 5736 1786 5795 Locus
1816 5738 2043 5801 autem,

2164 472 2392 523 sentem
2452 467 2609 523 diem
2660 467 2737 522 ad
2794 463 3221 521 Pratum-Belli.
3284 462 3614 519 ltevertenti
3656 462 3867 531 igitur

2160 557 2473 613 Guillelmo
2505 556 2579 611 de
2611 555 2836 630 praelio,
2871 554 3127 610 occurrit
3175 553 3227 609 ei
3275 552 3444 608 miles
3474 552 3743 624 quidam
3781 569 3865 611 ex

2159 645 2455 713 ﬁscanno,
2484 645 2770 701 nuntians
2802 644 2967 715 quod
2999 648 3154 697 esset
3178 643 3229 697 ei
3261 642 3419 696 filius
3454 658 3525 697 ex
3573 642 3864 712 conjuge

2160 734 2546 792 dilectissima
2571 739 2769 790 natus.
2808 733 3015 789 Laetior
3062 733 3261 805 itaque
3318 736 3561 804 peracto
3602 731 3861 803 praelio,

2159 825 2621 897 lietissimusque
2674 823 2815 891 filio,
2874 823 3034 879 misit
3088 821 3384 876 Heiricum
3417 821 3862 893 Bajocacensis

2160 914 2423 970 ecclesiae
2473 914 2847 986 episcopum,
2906 912 3180 967 omnium
3229 911 3455 983 quippe
3502 910 3862 987 praesulum

2162 1003 2635 1069 sanctissimum,
2691 1008 2747 1057 et
2799 1002 3132 1057 Bothonem
3184 1005 3537 1055 cunctorum
3573 999 3862 1054 militum

2158 1091 2797 1163 praecellentissimum,
2833 1089 2985 1145 sacri
3013 1088 3390 1162 baptismatis
3421 1103 3552 1143 rore
3587 1087 3752 1153 oleo,
3796 1092 3863 1143 et

2160 1180 2481 1237 chrismate
2511 1180 2764 1251 renasci,
2805 1185 2863 1235 et
2887 1179 3164 1235 innovari
3194 1178 3408 1234 tilium.

2808 1337 3192 1376 APOSTHOPHA.

2161 1431 2357 1484 Haeres
2390 1445 2523 1483 ecce
2561 1429 2660 1483 tibi
2693 1429 2936 1498 dignus,
2971 1427 3278 1482 Guillelme
3309 1426 3538 1499 patrici,

2160 1518 2269 1583 Qui
2301 1522 2576 1573 strenuus
2604 1517 2899 1589 populum
2920 1517 3096 1587 justis
3119 1516 3457 1571 moderabit
3482 1514 3768 1571 habenis.

2158 1608 2477 1671 Sanguinis
2512 1613 2571 1661 ut
2592 1606 2833 1662 dabitur
2866 1622 3094 1660 merces
3118 1606 3222 1660 tibi
3250 1606 3437 1673 digna
3468 1620 3716 1661 corona.

2160 1699 2421 1753 Occasus
2454 1712 2676 1751 nomen
2708 1697 2887 1765 digne
2918 1696 3220 1751 laudabile
3248 1698 3424 1765 cujus

2158 1791 2475 1855 Agnoseet,
2507 1785 2801 1859 probitate
2831 1784 3237 1857 promulgata,
3273 1791 3327 1840 et
3362 1787 3539 1851 l'lous,

2160 1879 2225 1931 Et
2256 1892 2364 1948 par
2389 1876 2467 1929 sis
2496 1876 2716 1947 pariter
2746 1875 2969 1929 meritis
3003 1874 3347 1947 septentrio,
3381 1878 3436 1929 et
3462 1877 3683 1929 auster.

2230 1986 2390 2039 Tunc
2418 1982 2764 2038 Guillelmus
2792 1986 3097 2037 tantorum
3119 1981 3282 2037 caede
3313 1988 3492 2053 atque
3528 1979 3708 2039 ruina
3738 1996 3842 2034 su-

2158 2071 2419 2127 blimiter
2447 2071 2742 2126 exaltatus
2775 2071 3031 2126 obtinuit
3058 2075 3378 2143 utrumque
3422 2085 3677 2140 regnum
3715 2069 3840 2123 liri-

2160 2165 2483 2216 tannorum
2538 2152 3166 2231 Nortmannorumque
3217 2160 3512 2215 bellorum
3561 2174 3839 2224 securus,

2158 2265 2268 2304 nec
2300 2265 2482 2303 ausus
2514 2254 2601 2303 est
2632 2254 2839 2303 contra
2859 2265 2998 2303 eum
3030 2248 3266 2319 litigare.
3291 2248 3463 2304 ullus.
3499 2246 3840 2305 Franciscee

2160 2338 2350 2407 gentis
2396 2340 2717 2411 principes,
2780 2338 3397 2411 llurgundionumque
3454 2339 3702 2393 comites
3746 2338 3838 2394 fa-

2160 2428 2551 2487 mulabantur
2580 2428 2652 2483 ei.
2704 2428 3013 2497 Uaeigenae
3062 2433 3119 2483 et
3165 2427 3572 2494 Flandrenses,
3626 2426 3836 2496 Angli-

2160 2534 2299 2589 que,
2329 2522 2385 2572 et
2416 2517 2811 2572 Hibernenses
2840 2516 3134 2590 parebant
3162 2518 3234 2572 ei.
3282 2522 3638 2590 Caeteraeque
3684 2532 3836 2586 gen-

2161 2612 2245 2661 tes
2272 2607 2331 2661 in
2364 2605 2649 2663 afﬁnitate
2676 2608 2844 2676 regni
2876 2607 2969 2661 sui
2995 2612 3442 2663 commorantes
3462 2606 3839 2663 obediebant

2160 2698 2289 2767 ejus
2319 2698 2571 2777 imperio
2596 2698 2931 2753 unanimes.
2961 2701 3249 2771 Tempore
3299 2714 3564 2770 namque
3608 2696 3835 2772 praedi-

2160 2803 2293 2856 gnm
2358 2786 2709 2854 venationis,
2786 2803 2910 2859 quo
2968 2787 3123 2843 servi
3178 2787 3467 2865 petulanti
3532 2787 3677 2843 luxu
3740 2804 3838 2843 ur-

2162 2881 2333 2947 gente
2390 2876 2883 2947 cougrediuntur,
2941 2878 3127 2935 cervis
3206 2876 3423 2946 geniali
3466 2878 3599 2947 jure
3656 2876 3836 2933 fmtos

2160 2966 2539 3038 concepturis
2568 2985 2578 3032 ;
2610 2982 2820 3021 scenas
2850 2966 3125 3039 spatiosae
3154 2965 3423 3037 amplitut
3442 2965 3570 3021 ‘iuis
3604 2965 3666 3021 in
3697 2966 3835 3031 loco

2159 3055 2265 3126 qui
2295 3054 2508 3109 dicitur
2544 3057 2729 3108 Leons
2757 3054 3070 3109 mandavit
3112 3053 3225 3109 sibi
3270 3054 3617 3125 praeparari.
3678 3056 3837 3111 Heri-

2158 3142 2362 3200 bertus
2394 3144 2505 3203 hoc
2556 3143 2761 3198 audito
2805 3159 3024 3203 comes,
3082 3143 3375 3216 Hugoque
3430 3144 3607 3203 totius
3661 3148 3834 3217 regni

2159 3233 2283 3287 dux
2337 3237 2393 3286 et
2436 3231 2735 3305 princeps,
2790 3248 3024 3286 necnon
3071 3232 3418 3289 (xuillclmus
3469 3234 3831 3295 l’ictavensis

2160 3338 2382 3388 comes,
2418 3326 2708 3379 venerunt
2753 3322 2890 3378 illuc
2946 3322 3023 3376 ad
3083 3338 3223 3377 eum
3271 3324 3635 3381 festinanter.
3666 3330 3831 3390 Quos

2160 3410 2527 3481 Guillelmus,
2575 3411 2857 3465 adventui
2916 3410 3156 3466 illorum
3201 3412 3649 3481 congratulans,
3686 3431 3829 3470 cum

2159 3518 2384 3571 magno
2438 3506 2732 3573 apparatu
2791 3508 3123 3556 reverenter
3168 3504 3451 3573 suscepit,
3500 3520 3827 3576 secumque

2157 3589 2442 3645 diuturno
2474 3589 2841 3644 dclectabilis
2874 3591 3205 3645 venationis
3262 3597 3528 3663 tempore
3578 3594 3823 3665 morari,

2156 3677 2422 3749 luxuque
2454 3678 2642 3745 regali
2687 3678 2917 3750 epulari
2971 3679 3280 3751 splendide
3342 3680 3495 3736 fecit.
3548 3682 3824 3748 Quadam

2155 3784 2422 3839 namque
2455 3768 2547 3822 die
2576 3767 2922 3823 Guillelmus
2955 3770 3311 3823 Pictavensis
3339 3770 3487 3825 dixit
3511 3770 3823 3827 Guillelmo

2156 3857 2622 3925 Rothomagensi
2656 3874 2667 3912 :
2698 3876 2727 3908 ‹
2762 3856 3011 3911 Domine
3058 3858 3201 3926 dux,
3253 3860 3445 3914 scisne
3494 3876 3679 3931 quare
3705 3861 3823 3916 huc

2155 3945 2495 4000 venerimus
2529 3946 2556 3999 ‘2
2596 3967 2622 3993 ››
2657 3945 2999 4017 Respondit,
3031 3970 3056 3995 α
3090 3947 3375 4019 ignoro.»
3406 3950 3467 4003 Et
3496 3948 3590 4004 ille
3620 3966 3631 4002 :
3671 3952 3822 4005 »Νο-

2153 4035 2340 4090 lentes
2367 4036 2595 4091 mittere
2626 4035 2856 4103 legatos
2898 4036 3001 4090 tibi
3034 4040 3156 4091 tam
3211 4036 3396 4107 digno
3441 4038 3659 4103 comiti,
3694 4038 3820 4111 ipse

2153 4123 2468 4191 legationis
2500 4124 2740 4193 negotio
2770 4124 2936 4195 fungi
2967 4125 3171 4195 malui.
3222 4129 3284 4181 Et
3318 4132 3381 4183 ut
3410 4127 3515 4183 des
3556 4143 3819 4186 sororem

2155 4217 2322 4269 tuam
2345 4230 2594 4269 uxorem
2624 4214 2787 4280 mihi,
2824 4214 2990 4281 veni;
3036 4220 3217 4287 utque
3272 4221 3701 4273 connectamur
3727 4217 3819 4275 in-

2154 4303 2344 4357 vicem
2380 4303 2599 4357 l'cedere
2630 4302 2966 4359 insolubilis
2997 4304 3269 4361 amicitiie
3312 4311 3367 4365 et
3396 4304 3742 4363 dilectionis.
3784 4331 3812 4357 ››

2154 4395 2314 4446 Tunc
2368 4392 2866 4462 Hothomagensis
2916 4393 3264 4451 Guillelmus
3310 4395 3689 4468 respondisse
3726 4396 3813 4452 lu-

2154 4481 2354 4541 dendo
2409 4482 2629 4537 fertur:
2670 4506 2695 4529 ‹‹
2730 4482 3101 4539 l’ictavenses
3157 4500 3394 4555 semper
3448 4490 3588 4543 sunt
3634 4485 3811 4547 timidi

2155 4570 2472 4642 {rigidique
2505 4572 2707 4637 armis,
2743 4576 2799 4627 et
2825 4572 3010 4626 avari.
3042 4575 3168 4630 Non
3198 4572 3367 4629 decet
3424 4574 3601 4629 talem
3657 4575 3812 4648 puel-

2153 4661 2277 4716 lam
2310 4662 2387 4716 ab
2418 4662 2501 4715 eis
2529 4662 2759 4721 haberi.
2797 4685 2824 4710 »
2876 4662 3187 4719 Guillelmo
3249 4663 3578 4720 Pictavcnsi
3635 4666 3812 4721 verbo

2155 4752 2625 4823 exasperatiouis
2650 4752 2710 4807 in
2744 4768 2864 4808 uno
2893 4752 3106 4811 obtutu
3134 4754 3399 4823 haerenti,
3426 4755 3623 4813 intulit
3660 4755 3809 4811 Guil-

2154 4840 2370 4901 leliuus
2404 4841 2935 4909 Rotliomagensis:
2964 4864 2989 4889 «
3018 4843 3287 4897 Crastina
3311 4843 3426 4907 die,
3447 4859 3517 4897 ne
3542 4844 3808 4909 turberis,

2155 4931 2407 4986 reddam
2460 4930 2563 4989 tibi
2611 4930 2919 5005 utriusque
2969 4932 3051 4987 rei
3099 4947 3481 5003 responsum,
3543 4933 3811 4989 consultu

2156 5036 2430 5079 meorum
2463 5019 2749 5075 fidelium.
2786 5044 2813 5068 ››
2849 5021 3126 5092 Sequenti
3156 5035 3420 5091 namque
3446 5019 3540 5072 die
3568 5021 3809 5078 consilio

2157 5109 2421 5178 Hugonis
2443 5110 2656 5180 Magni,
2689 5115 2745 5165 et
2774 5109 3060 5167 Heriberti
3091 5109 3413 5179 concitum,
3447 5126 3807 5183 suorumque

2154 5198 2441 5263 ﬁdelium,
2472 5198 2635 5255 dedit
2668 5215 2935 5257 sororem
2962 5214 3135 5265 suam
3158 5197 3469 5257 Guillelmo
3509 5200 3644 5263 duci
3693 5202 3803 5257 Pic-

2156 5287 2404 5343 tavcnsi.
2437 5289 2629 5351 Qu'im
2658 5304 2793 5345 vero
2823 5287 3186 5363 nuptialium
3216 5303 3415 5343 rerum
3439 5288 3611 5361 copia
3634 5290 3806 5345 hono-

2155 5375 2316 5430 riﬁce
2352 5374 2712 5443 redimitam,
2736 5376 3028 5448 equisque
3072 5374 3343 5432 femineis
3379 5378 3639 5450 phaleris
3671 5394 3804 5435 onu-

2158 5465 2277 5528 stis,
2300 5479 2447 5517 auro
2470 5463 2805 5535 electroque
2835 5464 3213 5520 artificialiter
3246 5467 3644 5538 pra’baltcalis
3673 5469 3802 5522 sub-

2154 5559 2556 5617 vectam,cum
2576 5552 3301 5610 nimiainnumerabilium
3316 5556 3625 5628 utriusque
3642 5574 3801 5613 sexus

2154 5641 2574 5713 manciporum
2608 5642 2957 5713 frequentia,
2990 5642 3309 5716 multisque
3343 5645 3593 5711 scriniis,
3620 5646 3802 5701 sericis

2159 5732 2425 5803 vestibus
2455 5748 2605 5797 auro
2632 5732 2868 5799 intextis
2893 5734 3131 5809 repletis
3177 5739 3234 5793 et
3283 5735 3565 5803 oneratis,
3599 5737 3801 5793 consti-
