3968 6380
63 290 188 343 669

575 289 664 343 DE
704 291 942 345 GESTIS
989 291 1420 346 NORMANNI/E
1461 291 1698 346 DUCUM
1742 287 1924 348 LIBRI
1962 290 2156 344 TRES.
2201 321 2267 330 ——-
2306 289 2440 345 LIB.
2486 291 2572 346 III.
2618 291 3042 346 WILLELMUS.

3422 298 3529 350 610

63 416 300 482 patam
348 411 597 467 deduxit
625 418 962 468 reverenter
987 415 1063 468 ad
1095 416 1501 469 Pictavensem
1531 414 1753 468 aulam.
1785 417 1833 468 Α
1873 412 2035 466 urbis
2083 413 2345 476 sedibus,
2386 414 2623 486 illicque
2672 432 2812 470 eum
2860 415 3184 471 honoriﬁce
3228 417 3527 472 multoties

69 501 309 554 V'idens
362 506 562 558 autem
621 501 962 557 Heribertus
1011 504 1385 559 Guillelmum
1439 503 1759 558 Rothonia-

66 606 339 657 gensem
389 590 708 645 confortari
759 597 815 645 et
846 592 1281 656 convalescere,
1313 593 1618 662 animique
1651 589 1758 644 vir-

68 685 204 736 tute
259 685 317 736 et
360 682 650 752 corporis,
686 683 1089 754 operibusque
1135 683 1541 756 pl‘iBtl‘lthillllS
1591 681 1754 734 suili-

64 768 312 822 cienter
341 769 400 823 in
435 769 661 823 Christo
701 770 940 832 enitere,
971 772 1220 825 consilio
1267 771 1534 832 Hugonis
1566 769 1754 840 Magni

65 857 259 911 ducis
287 857 450 911 dedit
483 857 670 912 tiliam
703 875 876 912 suam
904 858 1002 913 illi.
1030 862 1218 924 Quam
1250 860 1594 913 Guillelmus
1617 875 1753 912 cum

64 946 472 1000 mirabilibus
524 947 838 1008 fescennis,
891 950 1302 1018 apparatibus,
1354 949 1755 1018 inauditisque

63 1035 409 1094 indicibilis
441 1037 684 1090 honoris
713 1043 767 1090 et
795 1037 1096 1105 dignitatis
1121 1039 1433 1093 ornatibus
1459 1038 1756 1108 comptius

68 1125 391 1192 suffultus,
438 1125 1067 1198 inrestimabiliumque
1114 1129 1385 1198 equitum
1431 1127 1756 1183 multitudi-

67 1229 151 1267 ne
187 1213 463 1284 undique
494 1230 666 1267 seeus
697 1214 1088 1284 constipatus,
1120 1215 1406 1270 conduxit
1435 1214 1755 1280 magniﬁce

68 1301 590 1366 Rothomagensns
649 1301 814 1355 urbis
869 1302 1127 1358 arcibus.
1179 1303 1528 1366 Refulgebat
1577 1302 1635 1357 in
1682 1318 1752 1356 eo

67 1390 377 1444 sanctitas
443 1396 499 1443 et
565 1390 904 1460 prudentia,
966 1391 1319 1461 praenitebat
1387 1392 1754 1445 incessanter

65 1480 340 1550 aequitas
370 1483 426 1533 et
452 1479 696 1548 justitia.
741 1480 1131 1549 Opprimebat
1164 1481 1454 1551 superbos
1485 1486 1541 1535 et
1573 1481 1751 1535 male-

63 1567 251 1620 volos
282 1567 577 1631 severiter,
611 1567 914 1622 exaltabat
939 1568 1196 1622 humiles
1227 1575 1281 1622 et
1311 1568 1634 1623 benevolos
1667 1584 1751 1622 re-

66 1660 373 1710 verenter.
439 1659 709 1723 Paganos
761 1660 818 1709 et
874 1656 1214 1710 incredulos
1279 1658 1632 1712 muneribus
1699 1661 1754 1711 et

66 1744 279 1799 verbis
309 1743 652 1799 adducebat
683 1743 760 1797 ad
794 1743 1021 1798 cultum
1055 1761 1205 1798 verte
1256 1745 1415 1806 fidei.
1445 1746 1752 1800 credentes
1786 1768 1823 1818 Β

64 1833 338 1899 urgebat
390 1833 466 1887 ad
517 1833 758 1887 laudem
814 1833 1045 1888 Christi.
1098 1837 1222 1888 Non
1269 1834 1463 1888 solum
1513 1851 1752 1890 monar-

62 1924 277 1978 chiam
303 1939 492 1994 quam
527 1922 762 1976 tenebat
793 1923 1057 1986 regebat,
1093 1940 1300 1978 verum
1333 1925 1514 1978 etiam
1547 1925 1750 1979 atﬁnia

65 2030 262 2076 regna
290 2018 533 2065 strenuo
569 2012 817 2066 consdio
849 2013 1224 2068 moderabat.
1258 2014 1430 2075 Angli
1457 2015 1750 2084 parebant

68 2103 209 2171 ejus
241 2101 572 2165 mandatis,
609 2101 812 2154 Franci
840 2106 894 2154 et
922 2102 1376 2165 Burgundiones
1401 2104 1530 2170 ejus
1556 2103 1746 2156 dictis.

69 2191 455 2260 Ubicumque
507 2195 799 2244 terrarum
848 2205 1070 2243 nomen
1105 2191 1232 2259 ejus
1264 2191 1640 2255 audiebatur,
1671 2191 1748 2245 ab

69 2276 369 2330 omnibus
400 2277 922 2345 magnificabiliter
951 2279 1331 2333 laudabatur.
1355 2280 1617 2333 Audiens
1649 2297 1749 2333 au-

67 2369 195 2418 tem
215 2365 514 2420 Alstemus
536 2383 636 2420 rex
660 2367 985 2431 Anglorum
1009 2368 1296 2439 pacificus
1326 2368 1490 2439 quod
1514 2368 1752 2438 thBCCl-

69 2454 240 2508 lebat
270 2454 618 2510 Guillelmus
647 2456 854 2509 virtute
888 2461 941 2510 et
986 2457 1252 2526 potentia
1283 2458 1610 2511 Franciscae
1641 2474 1748 2510 na-

76 2543 260 2597 tionis
295 2544 602 2609 omnibus,
637 2545 794 2599 misit
827 2545 904 2599 ad
955 2562 1089 2599 eum
1145 2547 1372 2607 legatos
1423 2563 1562 2600 suos
1612 2563 1750 2600 eum

73 2632 256 2692 donis
308 2634 713 2702 praemaximis
774 2639 829 2688 et
888 2634 1258 2698 muneribus,
1302 2636 1636 2705 deprecans
1689 2640 1751 2689 ut

75 2722 452 2776 Ludovicum
519 2728 800 2794 nepotem
860 2740 1060 2787 suum,
1120 2725 1308 2778 Caroli
1377 2725 1534 2794 capti
1593 2725 1748 2792 regis

76 2817 274 2866 morte
301 2812 429 2880 jam
451 2811 511 2865 in
543 2814 816 2883 captione
850 2813 1250 2884 praeoccupati
1277 2813 1482 2876 filium,
1515 2831 1754 2869 revoca—

77 2906 167 2955 ret
227 2900 306 2957 ad
361 2901 615 2955 Francire
666 2918 937 2970 regnum,
983 2901 1248 2972 illudque
1309 2908 1592 2956 statueret
1646 2903 1746 2970 illi,

78 3008 222 3045 cum
237 2990 488 3044 consilio
505 2993 867 3046 Francorum
886 2992 1270 3046 sublimando
1291 2992 1346 3045 in
1369 2998 1745 3063 perpetuum,

78 3086 264 3151 atque
297 3080 705 3136 misericordia
737 3087 935 3136 motus
968 3098 1076 3152 pro
1108 3098 1311 3136 amore
1345 3082 1434 3135 sui
1465 3083 1750 3152 recij'mret
1780 3117 1840 3171 ρ,

79 3168 383 3224 Alannum
413 3168 729 3224 Britanniae
756 3170 1102 3224 offensionis
1133 3171 1308 3241 culpa
1336 3172 1611 3240 ejectum,
1635 3172 1751 3226 sui-

79 3274 201 3328 que
223 3257 450 3311 amoris
481 3258 668 3321 gratia
692 3258 1011 3328 privatum.
1038 3259 1190 3314 Illico
1219 3260 1494 3314 consultu
1521 3260 1752 3314 Guillel-

82 3347 167 3400 mi
225 3345 399 3399 ducis
459 3349 1028 3410 Nortbmannorum,
1089 3352 1254 3415 Hugo
1313 3366 1574 3410 magnus
1627 3349 1750 3403 dux

81 3436 662 3507 priepotentissimus
694 3440 1051 3492 Francorum
1087 3443 1266 3508 atque
1292 3439 1626 3492 Heribertus
1656 3456 1750 3493 sa-

88 3531 258 3594 trapa
285 3524 626 3596 principum
651 3526 851 3579 ascitis
879 3526 1176 3596 episcopis
1197 3543 1333 3580 cum
1353 3527 1600 3580 coasilio
1630 3543 1752 3581 me-

88 3612 586 3683 tropolitanorum
639 3620 1063 3668 revocaverunt
1115 3614 1461 3667 festinanter
1501 3611 1754 3666 Ludovi—

90 3719 246 3769 cum,
299 3718 560 3772 eumque
608 3708 908 3756 unxerunt
958 3702 1071 3755 sibi
1130 3718 1331 3764 regem
1386 3701 1752 3771 populorum

93 3789 334 3844 Francia
367 3789 832 3859 Burgundiaque
860 3791 1246 3844 morantiuin.
1279 3789 1578 3844 Alannum
1608 3802 1750 3843 vero

87 3899 220 3935 cum
260 3879 557 3934 ludovico
598 3895 958 3949 regressum,
994 3880 1340 3934 Guillelmus
1389 3895 1498 3950 pro
1544 3893 1749 3933 amore

89 3972 244 4038 regis
274 3968 519 4024 Alstemi
551 3969 788 4039 recepit,
819 3973 874 4022 et
923 3969 1218 4040 quidquid
1271 3968 1617 4022 Britannicae
1661 3985 1749 4019 rn-

92 4060 282 4125 gionis
309 4058 655 4129 possidebat
687 4058 960 4113 reddidit.
990 4063 1236 4129 Ipseque
1256 4059 1519 4114 Alannns
1547 4074 1754 4129 postea

91 4148 380 4203 Guillelmi
409 4147 711 4201 mandatis
739 4148 1144 4202 indesinenter
1166 4148 1415 4202 lﬂlltBSlt.
1433 4151 1754 4203 Transacto

93 4253 232 4290 vero
265 4240 397 4306 post
430 4235 771 4289 unctionem
797 4236 950 4302 regis
983 4236 1158 4290 unius
1190 4235 1359 4290 lustri
1389 4236 1604 4307 spatio,
1633 4251 1754 4291 cce-

93 4329 307 4396 perunt
338 4323 544 4377 Franci
578 4329 783 4378 contra
815 4340 954 4378 cum
986 4323 1231 4391 litigare,
1271 4324 1589 4396 multisque
1623 4340 1754 4379 mo-

94 4414 184 4467 dis
210 4429 346 4466 eum
377 4412 735 4483 Opprimere,
756 4413 1082 4484 quinetiam
1107 4413 1302 4468 conati
1335 4420 1473 4469 sunt
1503 4433 1536 4469 a
1567 4430 1752 4481 regno

97 4501 424 4556 extrudere.
461 4501 675 4556 Videns
707 4507 906 4556 autem
941 4519 1040 4556 rex
1075 4520 1134 4556 se
1163 4501 1420 4569 destitui,
1454 4508 1509 4556 et
1536 4519 1644 4574 pro
1671 4503 1756 4558 ni-

98 4591 216 4645 hilo
246 4608 280 4645 a
311 4590 684 4658 Francigenis
707 4591 864 4658 duci,
887 4592 1043 4645 misit
1066 4591 1293 4658 legatos
1325 4592 1400 4646 ad
1434 4592 1753 4647 Henrioum

100 4694 298 4746 regem
359 4677 914 4747 Transrlienanum,
977 4680 1285 4750 requirens
1342 4680 1471 4750 ejus
1525 4680 1755 4752 adjuto-

103 4768 530 4838 rium,insuper
549 4774 604 4823 et
627 4769 886 4830 amicitia
904 4769 1181 4837 colligare
1205 4769 1370 4828 illum
1395 4769 1505 4827 sibi
1535 4769 1594 4825 in
1623 4785 1753 4841 per-

104 4865 362 4929 petuum.
399 4858 624 4924 Quibus
673 4875 1032 4930 responsum
1073 4864 1161 4916 est
1215 4875 1335 4922 non
1385 4876 1446 4912 se
1477 4858 1756 4920 t'mderari

104 4964 234 5008 cum
267 4963 399 5014 rege
431 4949 818 5016 Francorum,
853 4948 960 5003 nisi
992 4964 1095 5019 per
1127 4948 1503 5012 Guillelmum
1535 4948 1752 5006 ducem

104 5037 662 5098 Nortbmannorum.
700 5038 795 5096 His
822 5038 1000 5105 igitur
1032 5039 1400 5106 renuntiatis,
1434 5054 1532 5100 rex
1570 5038 1754 5102 Ludo-

105 5125 261 5180 vicus
280 5124 604 5188 multarum
627 5126 1076 5191 tribulationum
1099 5126 1472 5186 contumeliis
1498 5126 1750 5192 attritus,

105 5213 614 5288 plurimarumque
669 5214 1250 5286 inopportunitatum
1314 5214 1753 5278 calamitatibus

103 5302 370 5366 afﬂictus.
404 5303 566 5358 venit
593 5303 668 5362 ad
707 5304 943 5370 Balonis
986 5310 1251 5368 montem
1285 5309 1490 5368 contra
1517 5303 1752 5367 Guillcl-

106 5409 262 5454 mum
277 5391 311 5444 d
323 5407 491 5446 ucem
505 5393 1415 5465 Northniannorum,dcprecans
1432 5399 1493 5448 ut
1511 5410 1570 5447 se
1585 5393 1680 5462 adj
1695 5410 1758 5445 ιι-τ

104 5485 261 5542 varet
279 5484 335 5534 et
354 5479 699 5536 defenderet
725 5489 929 5537 contra
960 5484 1220 5540 Francos
1245 5483 1350 5536 sibi
1379 5482 1752 5553 rebellantes,

107 5568 542 5640 amicitiamque
566 5571 798 5625 Henrici
829 5574 982 5642 regis
1010 5576 1048 5628 Τ
1053 5573 1417 5629 ranshenani
1444 5579 1498 5630 et
1522 5573 1755 5644 adjuto-

108 5659 250 5718 rium
295 5657 412 5716 sibi
460 5659 811 5730 δαμῆναι-οι.
846 5665 1005 5716 'l‘unc
1038 5661 1403 5729 Guillelmns,
1437 5659 1753 5724 afﬂictione

109 5748 252 5817 regis
279 5747 494 5820 pietate
522 5753 743 5817 motus,
769 5750 1061 5816 conduxit
1088 5769 1228 5818 eum
1265 5747 1756 5822 Rothomagensj,

1867 503 2117 556 detinuit
2161 520 2298 557 cum
2333 504 2456 560 suis
2485 505 2791 560 omnibus.
2827 505 3164 560 Merebatur
3193 511 3392 561 autem
3423 523 3526 562 rex

1865 591 1924 645 in
1956 590 2140 645 domo
2172 593 2468 648 Guillelmi
2498 594 2670 648 ducis
2715 600 2780 649 ut
2817 595 3144 660 domigena
3175 600 3232 649 et
3262 599 3514 652 vernula

1865 680 2114 751 ejusque
2145 680 2602 750 praestolabatur
2635 682 2888 754 supplex
2921 683 3224 747 suffragia.

2503 788 2886 826 APOSTROPHA.

1866 857 2122 912 Marchio
2149 858 2282 927 jure
2308 864 2520 930 potens
2555 860 2776 914 meritis
2807 861 3108 931 digneque
3140 861 3464 928 refulgens,

1867 947 2024 1001 Ultro
2056 948 2217 1001 natio
2249 965 2503 1020 quaeque
2531 950 2633 1004 tibi
2664 950 2848 1004 modo
2873 950 3112 1005 subdita
3142 951 3318 1019 cedit,

1866 1036 2058 1104 Dil‘igit
2083 1037 2461 1103 incumbens,
2493 1039 2688 1104 servit,
2725 1039 3066 1104 famulatur,
3095 1039 3362 1096 inhaeret.

1865 1125 2016 1189 Quin
2048 1142 2221 1196 prece
2249 1143 2349 1181 rex
2380 1128 2589 1182 humili
2618 1128 2872 1199 supplex
2903 1144 3252 1200 pronusque
3282 1129 3528 1200 requirit

1867 1214 2161 1280 Suffragia
2195 1220 2379 1269 semet
2413 1215 2620 1270 virtute
2655 1221 2876 1287 tuaque
2906 1216 3073 1270 tueri.

1865 1302 2316 1373 Pontiﬁcesque,
2339 1302 2544 1370 duces,
2569 1304 2835 1370 comites,
2864 1320 3141 1374 proceres
3165 1309 3520 1371 reverentur,

1866 1392 1928 1443 Et
1955 1390 2165 1454 clerus,
2201 1390 2539 1462 vulgusque
2574 1392 2753 1446 simul
2781 1409 2953 1446 secus
2982 1392 3314 1463 utriusque,

1865 1482 1930 1533 Ut
1962 1480 2232 1544 gerulam
2264 1481 2450 1551 pacis,
2485 1498 3045 1552 priscursoremque
3079 1482 3307 1552 salutis,

1861 1568 2053 1622 Armis
2085 1575 2140 1622 et
2174 1585 2345 1640 prece
2381 1576 2431 1624 te
2460 1570 2570 1623 sibi
2597 1576 2855 1641 poscunt
2884 1570 3176 1625 auxiliari.

1934 1657 2258 1711 Confestim
2314 1658 2661 1713 Uuillelnius
2710 1660 3037 1730 quemdam
3078 1661 3410 1723 Tetgerum,
3439 1660 3526 1726 ty-

1860 1762 2070 1800 ronem
2100 1746 2319 1801 domus
2351 1765 2469 1801 suae
2498 1747 2828 1820 principem
2880 1748 3036 1802 misit
3085 1748 3161 1802 ad
3203 1747 3522 1802 Henricum

1862 1835 2396 1890 Transhrenanum
2453 1853 2674 1902 regem,
2713 1841 2773 1891 ut
2818 1837 2984 1907 quod
3041 1836 3373 1891 Ludovicus
3420 1851 3524 1889 rex

1860 1924 1939 1977 ab
1979 1941 2048 1978 eo
2097 1925 2454 1994 requirebat,
2490 1941 2596 1995 per
2637 1942 2886 1980 manum
2937 1942 3111 1980 suam
3162 1925 3356 1980 facere
3399 1939 3522 1978 non

1861 2013 2141 2066 differret.
2183 2017 2358 2067 Erant
2387 2014 2544 2068 enim
2599 2014 2886 2068 Henricus
2932 2031 3056 2081 rex,
3089 2014 3333 2084 duxque
3366 2011 3523 2067 Guil-

1860 2099 2096 2166 lelmus,
2158 2101 2587 2155 indissolubilis
2643 2101 2917 2156 amicitiae
2974 2107 3148 2172 pacto
3197 2100 3521 2169 conjuncti,

1861 2190 2395 2261 competentiisque
2462 2195 2683 2244 mutuae
2737 2191 3059 2245 voluntatis
3123 2189 3202 2253 ad
3269 2189 3524 2243 invicem

1860 2278 2003 2333 olim
2037 2279 2326 2334 foederati.
2364 2280 2652 2333 Henricus
2683 2296 2822 2333 vero
2850 2297 2948 2333 rex
2984 2281 3298 2347 ’l'etgerum
3333 2279 3523 2338 hono-

1858 2369 2021 2422 rifice
2073 2369 2312 2439 recepit,
2347 2373 2403 2422 et
2450 2368 2716 2428 diuturni
2761 2369 3044 2440 temporis
3085 2368 3276 2439 spatio
3320 2383 3524 2422 secum

1861 2458 2082 2511 morari
2129 2458 2278 2511 fecit.
2318 2460 2528 2511 Postea
2561 2474 2701 2511 vero
2747 2457 3098 2516 muneribus
3127 2457 3301 2511 variis
3330 2461 3388 2510 et
3415 2455 3525 2509 do-

1859 2547 1953 2600 nis
1983 2546 2234 2600 diversis
2261 2546 2536 2608 ditatum,
2564 2545 2788 2600 remisit
2819 2547 2986 2600 illum
3017 2546 3093 2600 ad
3125 2546 3341 2599 ducem
3371 2543 3526 2597 Guilv

1860 2635 2107 2689 lelinum
2150 2639 2205 2690 et
2250 2651 2386 2688 cum
2437 2651 2507 2688 eo
2549 2640 2853 2690 Cononem
2886 2635 3124 2702 ducem,
3157 2639 3523 2688 secretorum

1861 2739 2108 2777 suorum
2139 2724 2469 2777 conscium.
2505 2726 2694 2786 Quem
2723 2723 3067 2777 Cuillelmus
3097 2738 3237 2786 cum
3270 2720 3522 2782 miriﬁco

1860 2811 2296 2866 inaestimabilis
2328 2813 2666 2874 reverentiae
2717 2812 2878 2866 cultu
2916 2812 3195 2883 suscepit,
3229 2811 3524 2881 cujusque

1860 2903 1941 2954 rei
1971 2918 2155 2956 causa
2185 2907 2364 2955 tanta;
2391 2901 2694 2969 dignitatis
2723 2901 2987 2972 tantique
3017 2901 3261 2960 honoris
3290 2899 3412 2953 dux
3445 2899 3523 2953 ad

1862 3007 1924 3044 se
1960 2992 2199 3054 veniret,
2234 2991 2638 3055 interrogavit.
2693 2991 2795 3050 (lui
2841 2996 3039 3045 Cono:
3084 3015 3110 3037 ιι
3137 2990 3332 3045 Misisti
3365 2990 3523 3043 enim

1863 3081 1938 3134 ad
2016 3081 2335 3136 Henricum
2413 3085 2684 3134 nostrum
2759 3096 2982 3146 regem,
3038 3085 3152 3134 tum
3230 3077 3526 3133 facultatis

1863 3171 2254 3241 prosperitate
2311 3169 2579 3235 hilarem,
2631 3174 2696 3222 ut.
2751 3169 2879 3240 ipse
2929 3172 2984 3222 et
3041 3167 3376 3222 Ludovicus
3422 3182 3526 3220 rex

1863 3259 2126 3312 Francia:
2147 3258 2406 3322 vicissim
2442 3275 2548 3329 per
2578 3258 2894 3312 consilium
2925 3256 3256 3328 prudentia
3284 3261 3398 3310 tute
3425 3255 3527 3308 fm-

1862 3347 2232 3410 derarcntur,
2275 3353 2330 3402 et
2372 3363 2554 3417 quem
2603 3347 2819 3401 horum
2863 3345 3186 3399 necessitas
3226 3350 3524 3410 urgueret,

1862 3437 2100 3492 alterius
2154 3436 2364 3490 solatio
2413 3436 2766 3490 muniretur.
2801 3436 3133 3488 Decernens
3179 3439 3380 3488 autem
3423 3449 3526 3486 rex

1861 3524 1976 3578 hoc
2006 3523 2319 3578 consilium
2351 3522 2462 3576 sibi
2502 3529 2558 3576 et
2597 3523 2720 3576 suis
2748 3521 3141 3587 salutiferum,
3174 3526 3231 3574 et
3259 3537 3366 3591 per
3396 3536 3524 3575 ma,

1861 3629 2010 3666 num
2043 3616 2209 3666 tuam
2240 3611 2484 3680 insuper
2518 3609 2726 3664 stabile
2759 3614 2815 3664 et
2859 3610 3124 3675 firmum,
3155 3608 3314 3662 misit
3339 3623 3434 3661 me
3464 3608 3528 3661 ti-

1860 3701 1944 3764 bi,
1978 3705 2044 3756 ut
2071 3700 2379 3754 conducas
2431 3715 2632 3763 regem
2665 3698 2740 3752 ad
2787 3698 3093 3768 placitum,
3123 3696 3526 3768 prtecepltque

1863 3805 1959 3844 me
1989 3789 2212 3844 morari
2251 3805 2360 3861 pro
2392 3787 2602 3842 obside
2636 3804 2758 3858 quo
2790 3787 2980 3840 mavis
3011 3787 3301 3857 positum,
3333 3786 3526 3839 donec

1861 3878 2176 3933 revertaris
2209 3877 2582 3946 reducasqne
2616 3892 2818 3938 regem
2869 3874 2945 3934 ab
2977 3873 3141 3928 omni
3173 3874 3525 3928 adversitate

1865 3981 2220 4022 securum.»
2280 3965 2541 4019 Audiens
2592 3969 2793 4018 autem
2841 3962 3186 4017 Guillelmus
3234 3961 3524 4016 mirandae

1863 4058 2044 4126 atque
2070 4052 2501 4110 intestimandze
2527 4051 2841 4120 legationis
2863 4051 3242 4115 mandatum,
3267 4050 3425 4105 misit
3448 4049 3525 4105 ad

1863 4160 2066 4213 regem
2100 4143 2488 4209 Ludovicum,
2526 4147 2582 4204 et
2624 4141 2861 4198 redditit
2913 4140 3043 4196 talis
3088 4139 3400 4204 legationis
3430 4155 3530 4194 ne.-

1865 4233 2026 4302 gotio
2048 4233 2410 4303 jucundum.
2453 4234 2692 4286 Statutae
2727 4230 3107 4301 profectionis
3151 4229 3245 4284 die
3275 4244 3525 4293 congrev

1865 4326 2004 4391 gata
2047 4320 2579 4377 innumerabilium
2610 4319 2989 4375 multitudine
3020 4317 3347 4386 legionum,
3381 4315 3528 4371 dixit

1865 4411 2212 4468 Guillelmtis
2252 4410 2327 4466 ad
2367 4412 2671 4464 Cononem
2717 4407 2933 4462 ducem
2964 4408 3294 4473 Saxonum,
3323 4403 3526 4458 volens

1864 4500 2114 4570 experiri
2172 4499 2218 4552 si
2270 4496 2416 4567 quid
2467 4495 2645 4552 corde
2699 4496 2828 4562 erS
2893 4494 3101 4553 lateret
3153 4493 3521 4549 obscurum:

1866 4612 1891 4636 ‹‹
1925 4592 2196 4659 ΡΡὲβρᾶΓᾶ
2247 4591 2300 4642 te
2343 4584 2551 4647 itineri,
2587 4587 2642 4640 et
2673 4583 2893 4640 instrue
2923 4586 2975 4638 te
3005 4581 3267 4639 celeriter
3313 4579 3522 4644 ocreis,

1865 4678 2008 4750 quia
2048 4675 2279 4732 mittam
2313 4678 2365 4728 te
2395 4672 2525 4728 urbi
2574 4672 2976 4741 Bajocacensi,
3010 4670 3200 4730 donec
3234 4673 3295 4724 ut
3324 4669 3526 4726 dixisti

1865 4771 2235 4822 revertamur
2272 4762 2438 4818 illesi.
2473 4762 2640 4819 Tunc
2670 4765 2868 4818 Cone:
2918 4760 3065 4818 Mitte
3108 4775 3202 4814 me
3248 4774 3370 4829 quo
3415 4759 3522 4824 vis,

1866 4855 2045 4910 etiam
2078 4853 2246 4908 Dacis
2277 4856 2392 4906 tuze
2447 4849 2655 4908 ditioni
2687 4849 3007 4904 subditis.»
3044 4851 3107 4904 Et
3137 4846 3483 4903 Guillelmus
3509 4863 3522 4902 :

1870 4968 1895 4993 ‹‹
1923 4948 2144 5000 Mecum
2177 4943 2252 4998 ad
2284 4941 2569 5012 placitum
2598 4940 2729 5002 ibis,
2754 4938 2898 5010 quia
2925 4954 3046 4995 non
3085 4953 3218 4993 sum
3247 4935 3527 4990 difﬁdens

1870 5034 1972 5089 tui.
2000 5056 2028 5088 υ
2075 5036 2140 5088 Et
2173 5036 2366 5090 Ceno:
2415 5054 2439 5080 τι
2475 5031 2529 5087 Si
2576 5030 3034 5099 Bajocasensem
3067 5026 3364 5083 civitatem
3397 5041 3528 5096 per-

1868 5139 2093 5186 rexere,
2128 5127 2265 5176 tuus
2306 5120 2498 5176 ﬁdelis
2529 5119 2940 5178 incunctanter
2972 5117 3177 5172 existo.
3221 5115 3319 5172 Sin
3359 5131 3522 5181 vero,

1865 5212 2031 5283 quod
2061 5226 2181 5267 non
2215 5209 2414 5277 credo,
2447 5214 2645 5264 tecum
2691 5206 2993 5278 profectus
3034 5207 3224 5273 fuero,
3263 5210 3399 5268 tuus
3438 5220 3528 5258 ara

1867 5302 2056 5366 miger
2098 5300 2256 5353 fidus
2296 5303 2616 5368 custosque
2664 5295 2796 5349 vitae
2828 5299 2939 5348 tua;
2985 5299 3266 5349 constans
3317 5298 3526 5350 contra

1867 5391 2126 5453 hostium
2159 5387 2405 5450 insidias
2436 5400 2895 5459 permansere.»

1940 5480 2037 5542 His
2067 5478 2590 5540 dictiseccurrunt
2615 5474 2928 5530 unanimes
2952 5461 3089 5538 cum
3119 5473 3378 5538 exercitu
3400 5488 3528 5537 ma:

1867 5585 1985 5635 gno
2013 5567 2309 5636 Ludovico
2337 5565 2479 5632 regi,
2504 5564 2886 5629 Lauduncnsi
2917 5580 3078 5637 pago
3109 5581 3245 5632 eum
3275 5565 3524 5634 ungone

1868 5662 2075 5726 Magno
2098 5657 2248 5722 duce
2272 5661 2326 5720 et
2350 5655 2654 5720 Heriberto
2681 5654 2894 5709 comite
2922 5672 3024 5712 eos
3055 5653 3408 5727 expectanti.
3438 5651 3524 5712 Vi-

1869 5747 2078 5820 dentes
2109 5748 2275 5820 llqu
2298 5744 2420 5812 dux
2445 5759 2767 5816 comesque
2781 5741 3524 5812 Heribertustamimmen-
