3878 6506
362 469 461 526 07f

132 0 2983 205 μμ*

1331 468 1635 525 DUBONIS
1672 463 1927 522 DECANI
1964 464 2019 519 S.
2062 462 2369 529 QUINTINI
2403 464 2797 524 “ROMAND.
3715 455 3809 509 672

367 606 447 645 sas
493 589 886 645 multitudinis
926 590 1187 659 legiones
1231 590 1531 645 Britonum
1578 587 2010 644 Northmanno—
2046 590 2095 644 Δ
2124 603 2263 643 vero
2294 603 2401 660 per
2421 586 2730 643 Daciscam
2750 582 3046 653 linguam,
3067 595 3205 653 qua:
3225 576 3535 635 dicebant
3554 574 3811 632 subsan~

365 674 625 750 rumque
675 679 957 734 militibus
987 678 1403 751 praecellentes,
1435 680 1787 749 stupuerunt
1814 673 1891 730 ad
1920 673 2013 729 in~

367 767 561 822 vicem
607 767 905 823 dicentes:
963 790 991 815 ‹‹
1019 768 1170 832 Quid
1215 767 1399 823 nostri
1428 765 1707 822 exercitui
1744 767 1801 820 et
1828 763 1965 819 huic
1987 762 2014 817 ?

374 854 432 912 Si
460 856 607 911 forte
644 855 796 910 inter
822 872 934 911 nos
959 860 1015 911 et
1041 856 1172 911 illos
1196 855 1464 927 jurgium
1492 854 1736 923 venerit,
1764 853 2015 908 devora-

369 944 521 1000 bunt
561 959 671 999 nos
719 948 783 999 ut
819 960 1009 1014 agnos
1038 944 1182 1017 lupi.
1211 966 1239 994 »
1284 944 1373 1000 Ab
1402 944 1541 999 hinc
1572 944 1743 1013 Hugo
1774 945 2018 1010 Magnus

371 1036 427 1087 et
454 1030 788 1087 Heribertus
827 1048 1027 1088 comes
1068 1033 1374 1103 jusserunt
1420 1047 1692 1088 seorsum
1733 1028 2015 1102 equitare,

373 1123 551 1191 atque
576 1119 1006 1175 interdixerth
1026 1120 1305 1175 exercitui
1326 1119 1615 1176 Guillelmi
1635 1118 1868 1175 nullum
1889 1132 2022 1171 suo-

373 1222 510 1262 rum
540 1207 944 1262 commiscere.
994 1211 1128 1263 Erat
1157 1223 1298 1263 vero
1328 1224 1466 1263 cum
1495 1204 2021 1262 innumerabilium

374 1294 708 1367 frequentia
739 1296 1106 1351 exercituum
1129 1312 1231 1350 rex
1263 1295 1570 1351 Heinricus
1597 1294 1656 1350 in
1683 1294 1815 1349 loco
1845 1306 2023 1364 super

376 1386 599 1439 Mosam
646 1383 752 1455 qui
791 1384 1003 1440 dicitur
1055 1386 1352 1454 Veusegus
1396 1384 1701 1455 (Vouzz’ers
1741 1383 1821 1438 ad
1862 1382 2022 1436 Axo-

376 1471 559 1541 nam).
599 1471 1126 1545 Appropinquante
1170 1488 1305 1527 vero
1349 1488 1488 1542 rege
1533 1470 1896 1527 Luthdovico
1944 1467 2024 1523 ad

375 1559 727 1632 praedictum
747 1560 946 1633 placiti
961 1561 1181 1629 locum,
1195 1562 1508 1617 antecessit
1525 1559 1869 1615 Guillelmus
1886 1573 2024 1614 cum

376 1647 715 1719 quingentis
741 1648 1046 1719 militibus,
1066 1666 1176 1706 suo
1206 1650 1439 1706 monitu
1453 1649 1823 1723 praecedente
1841 1650 2026 1703 Cono-

376 1750 452 1789 ne
481 1734 632 1791 duce
658 1741 714 1791 et
735 1737 1171 1809 praenuntiante
1200 1738 1326 1807 regi
1356 1737 1448 1793 his
1478 1737 1668 1793 verbis
1699 1736 2026 1791 adventum

378 1823 507 1894 ejus
538 1842 550 1877 :
584 1846 611 1873 «
636 1826 892 1881 Marchio
923 1825 1167 1898 duxque
1198 1827 1744 1883 Northmannorum
1773 1829 1830 1881 et
1848 1823 2028 1879 Brito-

2122 682 2351 748 nantes,
2380 674 2764 746 intelligendo
2807 670 3115 735 subaudit,
3148 683 3639 742 parumperque
3661 682 3811 721 com-

2123 771 2321 822 motus
2361 766 2451 823 ira
2479 763 2753 831 discedit,
2783 766 2841 818 et
2868 774 3269 834 quaecumque
3314 772 3471 829 rege
3521 758 3811 813 narrante

2124 854 2370 926 audivit,
2429 853 2553 924 regi
2609 849 2902 925 exposuit.
2960 847 3230 906 Crastina
3278 862 3427 903 vero
3490 844 3608 901 die
3668 844 3812 914 regis

2128 940 2426 1010 Ludovici,
2458 940 2760 1015 pergentis
2805 938 2884 995 ad
2932 936 3224 1011 placitum
3267 950 3415 991 cum
3465 930 3811 990 incredibili

2127 1034 2183 1085 et
2228 1029 2649 1086 innumerabili
2696 1028 2977 1095 exercitu,
3010 1024 3365 1081 Guillelmus
3406 1036 3814 1097 praeoccupa-

2126 1119 2210 1175 vit
2231 1119 2575 1175 adventum.
2602 1116 2966 1173 Willelmidaa
2988 1130 3132 1171 vero
3156 1112 3595 1187 praecedentes
3626 1109 3812 1166 hostia

2128 1207 2368 1277 domus,
2419 1224 2543 1281 qua
2598 1223 2701 1262 rex
2758 1204 3079 1281 Heinricus
3113 1201 3444 1268 residebat,
3491 1202 3813 1272 coeperunt

2129 1295 2401 1365 frangere
2425 1280 2698 1369 parietes,
2731 1280 3106 1365 disrumpere
3156 1294 3214 1346 et
3255 1288 3588 1354 divellere,
3640 1291 3811 1357 atque

2130 1384 2288 1439 intus
2325 1384 2381 1439 vi
2418 1388 2475 1439 et
2516 1385 2803 1457 potestate
2838 1380 3118 1436 residere.
3152 1382 3275 1434 Rex
3307 1392 3455 1433 vero
3494 1373 3813 1431 Heinricus

2131 1473 2367 1528 illorum
2395 1476 2666 1528 metuens
2694 1472 3008 1543 impetum,
3030 1466 3268 1524 divertit
3292 1481 3357 1521 se
3384 1465 3711 1539 profugus
3742 1461 3812 1517 ad

2133 1561 2312 1618 aliam
2364 1560 2637 1627 domum,
2682 1557 2950 1631 dixitque
2997 1556 3078 1614 ad
3119 1556 3437 1612 Cononem
3500 1551 3813 1609 conscium

2134 1654 2493 1705 secretorum
2525 1663 2773 1704 suorum
2801 1666 2815 1703 :
2849 1668 2878 1696 «
2903 1648 3043 1713 Hoc,
3075 1649 3143 1701 ut
3161 1659 3318 1714 reor,
3351 1641 3674 1715 placitum
3702 1652 3811 1695 non

2133 1738 2306 1794 nobis
2335 1737 2546 1794 efﬁcax
2569 1751 2765 1809 neque
2794 1750 3155 1805 congruum,
3177 1738 3397 1789 verum
3412 1733 3702 1786 vertetur
3716 1743 3809 1783 no-

2135 1826 2225 1881 bis
2255 1825 2332 1882 ad
2361 1824 2803 1898 corruptionem
2846 1827 2903 1878 et
2945 1821 3024 1877 ad
3067 1819 3399 1890 interitum,
3436 1818 3606 1892 quin
3645 1816 3811 1873 εὕδω

379 1927 526 1967 num
557 1913 898 1969 Guillelmus
926 1915 1133 1971 ﬁdeles
1174 1916 1278 1971 tibi
1320 1916 1382 1971 in
1426 1916 1650 1973 Christo
1681 1912 2023 1969 famulatus.
2056 1935 2097 1989 Β
2136 1915 2214 1970 ad
2232 1914 2501 1970 deducus
2520 1910 3070 1977 inauditum.Vade,
3090 1909 3194 1965 dic
3213 1906 3520 1964 Willelmo
3543 1904 3810 1963 omnium

386 1999 601 2055 Nolens
631 2016 727 2056 me
774 2002 1023 2057 retinere
1052 2020 1161 2075 pro
1208 2003 1437 2069 obside,
1471 2005 1861 2058 sacrosancta
1890 1999 2032 2055 ﬁdei

380 2090 496 2142 tuae
520 2090 724 2143 tenore
750 2088 912 2143 venit
941 2089 1019 2144 ad
1052 2095 1125 2156 te,
1157 2090 1437 2162 cupitque
1462 2090 1608 2163 quid
1633 2088 1937 2160 agendum
1958 2087 2032 2142 sit

379 2175 531 2230 inter
559 2181 613 2231 te
640 2184 697 2231 et
721 2191 925 2245 regem
956 2177 1323 2234 Ludovicum
1344 2179 1659 2251 inquirere.
1683 2201 1710 2227 »
1741 2181 1901 2233 Tunc
1927 2192 2032 2231 rex

383 2263 686 2319 Heinricus
711 2282 725 2320 :
759 2266 987 2335 «Cujus
1013 2266 1317 2337 potestatis
1347 2267 1592 2337 cujusve
1620 2265 1924 2337 dignitatis
1943 2264 2033 2319 vel

382 2350 627 2406 honoris
654 2356 831 2424 atque
856 2352 1139 2408 bonitatis
1164 2359 1251 2409 est
1278 2355 1384 2409 iste
1412 2354 1775 2421 Guillelmus,
1793 2354 1896 2425 qui
1921 2352 2031 2408 mi-

382 2439 446 2494 hi
468 2439 657 2508 gratia
682 2440 953 2496 amicitiae
980 2446 1067 2497 est
1086 2445 1460 2499 connexus?»
1492 2443 1848 2515 Respondit:
1878 2464 1904 2489 ‹‹
1926 2444 2035 2497 Ma-

386 2543 520 2598 gnae
550 2528 843 2599 patientiae
874 2534 931 2586 et
954 2530 1215 2601 justitias,
1247 2548 1603 2605 magnaeque
1652 2531 1953 2603 potestatis
1980 2534 2037 2586 et

388 2614 777 2684 suﬂicientite,
811 2619 1135 2691 magnique
1179 2625 1235 2675 et
1262 2620 1513 2675 inauditi
1540 2620 1786 2675 honoris
1816 2624 1873 2675 et
1900 2635 2037 2692 pru-

386 2705 624 2760 dentiae.
659 2705 983 2779 Nullusque
1014 2724 1136 2778 rex,
1168 2708 1280 2764 nisi
1319 2714 1399 2776 tu,
1429 2709 1745 2781 nullusque
1775 2709 1898 2764 dux
1936 2724 2034 2764 co-

385 2810 588 2850 mesve
619 2798 743 2850 tam
790 2797 1150 2866 magniﬁcus
1199 2803 1264 2853 ut
1307 2798 1668 2854 Guillelmus.
1698 2798 2036 2870 Principum

386 2886 787 2956 tyronumque
816 2885 1147 2957 frequentia
1176 2886 1384 2943 sedula
1410 2888 1803 2959 constipatus,
1840 2886 2037 2941 aureis

386 2971 546 3025 vasis
568 2972 919 3045 poculisque
946 2975 1255 3046 splendide
1277 2976 1571 3048 epulatur,
1596 2989 2038 3046 vernarumque

387 3060 679 3115 nobilium
711 3067 889 3133 atque
921 3079 1233 3118 servorum
1259 3064 1616 3120 multimoda
1636 3064 2041 3134 exaggeratio-

391 3164 467 3203 ne
498 3148 1186 3222 circumseptus,cxercet
1208 3153 1347 3223 jura
1375 3153 1731 3225 decretaque
1756 3153 2039 3208 hortodo-

389 3251 607 3291 xorum
627 3239 866 3335 Patrum
893 3239 1155 3335 sedulus.
1190 3244 1372 3296 Nemo
1393 3242 1608 3312 justior
1627 3242 1689 3296 in
1716 3241 1904 3307 factis,
1936 3257 2039 3296 ne-
2070 3280 2112 3335 Ο

392 3340 495 3379 mo
525 3325 785 3379 sanctior
832 3325 889 3381 in
933 3326 1123 3393 dictis,
1156 3344 1334 3384 nemo
1382 3329 1677 3400 potentior
1722 3329 1780 3383 in
1833 3329 2037 3384 armis.

396 3410 602 3467 Nullus
633 3413 815 3468 audet
857 3413 953 3469 alii
1000 3414 1061 3469 in
1091 3431 1277 3484 regno
1307 3432 1419 3472 suo
1447 3417 1861 3489 praejudicium
1893 3416 2044 3472 face-

392 3516 474 3563 re,
508 3500 708 3555 nullus
761 3500 985 3557 furtum
1034 3507 1089 3558 et
1138 3504 1513 3574 sacrilegium
1563 3510 1922 3577 perpetrare.
1956 3505 2043 3560 Vi-

393 3592 543 3644 vunt
584 3589 792 3645 incolae
821 3595 988 3646 terra:
1018 3591 1172 3647 illius
1202 3593 1436 3663 legibus
1463 3592 1663 3649 afﬂicti
1693 3594 2039 3662 concordes,

392 3676 765 3751 decretisque
795 3685 1138 3737 sanctorum
1186 3686 1423 3738 Patrum
1471 3683 1704 3738 coerciti
1734 3689 2044 3739 morantur

392 3766 765 3822 unanimes.»
791 3770 1059 3841 Cumque
1079 3771 1317 3826 alternis
1341 3771 1942 3828 sermocinationibus
1962 3772 2042 3827 vi-

393 3854 590 3910 cissim
618 3856 1023 3929 loquerentur,
1056 3859 1297 3914 advenit
1324 3860 1670 3916 Guillelmus
1699 3877 1837 3916 cum
1870 3860 2043 3932 quin-

393 3943 583 4014 gentis
610 3944 915 4000 militibus.
959 3948 1120 4002 Cono
1167 3947 1291 4002 dux
1344 3953 1408 4003 ut
1456 3948 1683 4004 audivit
1719 3949 2042 4004 adventum

393 4031 543 4101 ejus,
568 4032 738 4087 citius
769 4033 1002 4103 exsiliit,
1034 4050 1356 4108 ensemque
1400 4037 1529 4107 ejus
1573 4037 1843 4099 ﬁdeliter.
1887 4054 2044 4093 rece-

394 4117 503 4190 pit,
530 4124 587 4174 et
628 4120 705 4174 ad
753 4120 1073 4177 Henricum
1115 4139 1315 4193 regem
1353 4129 1687 4181 reverenter
1737 4126 2041 4182 conduxit.

396 4206 702 4262 Heinricus
756 4214 956 4265 autem
1010 4227 1112 4266 rex
1168 4212 1337 4268 citius
1393 4212 1665 4280 surrexit,
1719 4218 1776 4268 et
1837 4218 2045 4269 contra

398 4296 774 4353 Guillelmum
831 4299 1045 4356 ducem
1111 4302 1324 4357 obvius
1389 4302 1664 4374 perrexit,
1718 4302 2044 4375 osculoque

397 4384 537 4440 dato
587 4390 834 4459 uterque
887 4389 1120 4445 resedit.
1172 4394 1332 4446 Tunc
1375 4390 1755 4446 Guillelmus:
1816 4413 1843 4441 «
1870 4396 2044 4447 Inter-

396 4490 490 4529 ηαξ
518 4474 846 4532 dilectionis
878 4483 931 4534 et
958 4479 1180 4535 amoris
1208 4495 1312 4534 rex
1340 4479 1736 4535 Luthdovicus
1766 4481 1871 4536 tibi
1896 4481 2044 4536 ﬁde-

395 4562 526 4619 liter
573 4580 818 4620 munus.
870 4566 1068 4623 Misisti
1113 4570 1418 4623 Cononem
1463 4568 1680 4624 ducem
1724 4569 1803 4624 ad
1832 4585 1949 4640 me,
1984 4574 2049 4625 ut

396 4653 661 4709 venirem
705 4655 783 4709 ad
832 4660 907 4721 te,
935 4655 1113 4728 quasi
1140 4672 1250 4728 pro
1278 4657 1528 4729 pignore
1574 4661 1632 4712 et
1670 4657 1896 4713 obside.
1933 4657 2047 4714 Sed

398 4757 520 4798 non
545 4742 630 4798 tui
661 4742 960 4811 difﬁdens,
988 4760 1126 4800 cum
1172 4761 1243 4800 eo
1287 4761 1400 4815 ego
1424 4762 1580 4801 ecce.
1615 4746 1815 4802 Dixisti
1841 4762 1964 4802 non
1992 4751 2048 4802 te

400 4829 672 4885 amicitiae
701 4835 759 4887 et
785 4832 1061 4902 adjutorii
1088 4833 1303 4906 copula
1330 4833 1689 4906 vinculoque
1729 4833 2046 4889 Luthdovi-

400 4933 470 4973 co
534 4918 658 4987 regi
709 4920 1014 4989 conjungi,
1065 4921 1179 4975 nisi
1231 4921 1574 4978 interessem
1630 4922 1816 4977 factor
1868 4922 2049 4992 hujus

398 5007 640 5075 negotii.
672 5009 979 5065 Remanda
1019 5009 1142 5078 regi
1190 5009 1336 5083 quid
1366 5012 1479 5066 hac
1505 5027 1567 5066 re
1594 5010 1933 5083 praescitum
1963 5014 2052 5066 est

401 5093 527 5149 tibi.
554 5116 583 5144 »
630 5098 791 5151 Tunc
830 5113 934 5152 rex
962 5098 1305 5154 Heinricus:
1358 5121 1386 5148 ‹‹
1410 5102 1528 5155 Rex
1568 5098 1968 5155 Luthdovicus
1998 5104 2051 5155 te

402 5183 554 5239 duce
600 5186 801 5243 veniat
840 5187 1097 5245 crastina
1143 5188 1257 5256 die,
1305 5194 1527 5261 tuoque
1577 5193 1817 5244 strenuo
1870 5189 2051 5245 inter-

404 5276 586 5326 ventu
609 5274 988 5346 perﬁcientur
1016 5276 1238 5341 omnia,
1270 5292 1669 5349 quaecumque
1696 5283 1833 5333 sunt
1858 5292 2050 5349 prmo-

404 5363 590 5430 ptata,
636 5364 851 5419 nostris
901 5369 960 5420 et
1003 5365 1212 5420 vestris
1261 5364 1540 5420 ﬁdelibus
1594 5365 1907 5422 salubriter
1952 5373 2053 5421 de-

407 5453 583 5505 creta.
613 5474 638 5501 »

482 5557 717 5613 Interim
729 5560 1038 5629 Lothaq-ien
1045 5576 1139 5616 ses
1151 5567 1207 5618 et
1219 5565 1486 5620 Saxones
1503 5562 2055 5636 coeperuntinvecti-

409 5658 481 5699 ve
498 5648 555 5697 et
568 5643 787 5700 ironice
804 5645 1027 5718 alloqui
1046 5651 1369 5721 Cononem,
1388 5651 1649 5707 dicentes
1667 5669 1680 5705 :
1706 5653 1932 5716 «Quam
1950 5651 2057 5706 mi-

408 5746 492 5787 rae
510 5729 849 5789 sufﬁcentia:
866 5738 1236 5808 etpotestatis
1253 5740 1441 5796 etdux
1454 5740 1930 5796 Northmannicm
1944 5740 2058 5796 Bri-

412 5815 744 5888 tonicaeque
774 5822 1052 5890 regionis,
1071 5825 1175 5896 qui
1204 5827 1319 5883 huc
1341 5826 1584 5882 advenit
1604 5842 1751 5882 auro
1781 5834 2056 5901 comptus

414 5906 474 5958 et
501 5908 745 5962 ornatus
777 5924 916 5965 cum
944 5909 1227 5967 militibus
1254 5914 1595 5984 quingentis
1620 5914 1633 5968 ι
1655 5936 1682 5963 ››
1712 5915 2052 5977 Guillelmus

2137 2003 2426 2059 ditissimo
2468 2001 2628 2071 duci,
2661 2005 2726 2057 ut
2752 1999 2893 2068 ﬁde,
2925 2011 3114 2072 quam
3159 1998 3316 2054 inter
3346 2012 3471 2053 nos
3518 2000 3812 2056 tenemus,

2138 2091 2508 2147 stomachato
2537 2090 2774 2145 resistat
2797 2086 3099 2155 exercitui,
3133 2102 3210 2143 ne
3240 2085 3517 2160 amplius
3564 2084 3813 2141 disrum-

2137 2184 2285 2252 pant
2311 2178 2562 2250 parietes
2591 2180 3017 2248 conterantque
3065 2176 3265 2231 hostia
3312 2172 3458 2230 tecti
3482 2172 3723 2239 nostri;
3752 2186 3815 2225 ne

2141 2266 2286 2322 forte
2337 2270 2618 2321 nascatur
2654 2265 2923 2336 jurgium
2972 2262 3126 2318 inter
3166 2262 3454 2335 dispares
3500 2260 3814 2331 variosque

2141 2355 2358 2425 linguis
2383 2355 2709 2427 habituque
2731 2358 2788 2410 et
2816 2352 3019 2409 armis.
3047 2374 3075 2402 »
3107 2354 3240 2408 Mox
3267 2354 3441 2409 Cono
3474 2348 3816 2424 prosiliens,

2141 2443 2405 2499 obviavit
2450 2442 2590 2498 duci
2635 2441 2947 2497 Guillelmo
2973 2439 3234 2496 venienti
3262 2438 3346 2496 ad
3375 2438 3709 2512 placitum,
3743 2452 3818 2490 re-

2142 2531 2388 2603 tulitque
2437 2534 2490 2586 ei
2537 2548 2669 2604 quae
2716 2530 2809 2585 sui
2850 2528 3263 2602 praecedentes
3308 2527 3620 2584 fecerunt.
3668 2529 3819 2582 Tunc

2144 2620 2486 2676 Guillelmus
2531 2620 2671 2675 duci
2722 2618 2982 2677 Cononi:
3044 2640 3073 2667 «
3104 2622 3184 2674 Ite
3227 2621 3307 2686 et,
3350 2620 3424 2673 ut
3460 2632 3613 2673 meo
3651 2617 3821 2688 jussu

2145 2708 2474 2778 discedant,
2538 2709 2620 2764 eis
2682 2707 2928 2763 dicite.»
3005 2706 3091 2762 Illi
3161 2709 3374 2763 autem
3443 2702 3819 2762 advenientis

2148 2797 2406 2853 Cononis
2439 2797 2632 2864 ducis,
2673 2800 2730 2853 et
2773 2795 3072 2869 precantis
3121 2798 3188 2850 ut
3230 2792 3656 2864 discederent,
3685 2807 3823 2866 prte—

2147 2891 2387 2957 ceptum
2451 2901 2572 2940 non
2640 2883 2836 2939 solum
2901 2886 3288 2955 respuerunt,
3350 2898 3585 2938 verum
3656 2880 3821 2937 etiam

2147 2973 2288 3029 foris
2334 2973 2440 3045 qui
2482 2973 2783 3040 astabant,
2833 2976 3080 3027 caeteras
3122 2971 3350 3027 domus
3400 2987 3557 3026 cum
3609 2984 3822 3039 magno

2147 3063 2377 3135 impetu
2405 3068 2462 3118 et
2488 3077 2796 3117 murmure
2844 3060 3208 3133 dissipantes
3252 3060 3654 3115 invaserunt.
3689 3061 3821 3123 Qua-

2148 3156 2391 3222 propter
2441 3154 2603 3207 Cono
2655 3148 2854 3204 statim
2900 3148 3117 3220 rapido
3147 3146 3479 3219 velocique
3520 3164 3717 3204 cursu
3740 3147 3823 3201 ite-

2148 3255 2286 3294 rum
2315 3238 2553 3311 expetiit
2588 3238 2805 3293 ducem
2835 3235 3241 3303 Guillelmum,
3273 3252 3426 3291 cum
3478 3235 3742 3308 reliquis
3768 3234 3825 3287 le

2152 3327 2429 3396 gionibus
2450 3325 3039 3399 adpropinquantem
3065 3324 3145 3380 ad
3169 3323 3498 3396 placitum,
3531 3324 3826 3395 dixitque:

2152 3438 2179 3464 «
2209 3415 2515 3471 Guillelme
2571 3414 2696 3471 dux
2748 3412 3311 3486 pra-potentissime,
3364 3412 3721 3469 noluerunt
3763 3410 3826 3465 tui

2150 3522 2286 3561 meo
2339 3506 2513 3577 jussu
2585 3504 2802 3559 domos
2876 3502 3194 3574 dimittere,
3248 3517 3479 3558 verum
3563 3502 3832 3559 festinant

2150 3599 2395 3650 caeteras
2452 3593 2846 3665 disrumpere.
2905 3594 3120 3647 Precor
3175 3590 3574 3647 humotenus
3636 3591 3828 3651 flexus,

2149 3698 2226 3738 ne
2277 3682 2436 3738 sinas
2500 3681 2644 3737 talia
2707 3679 2855 3747 ﬁeri,
2923 3696 3000 3736 ne
3055 3679 3207 3735 forte
3274 3685 3593 3736 nascatur
3662 3678 3832 3734 caedes

2150 3772 2420 3827 inaudita
2458 3771 2519 3826 in
2572 3770 2764 3843 plebe.
2788 3792 2816 3819 »
2871 3772 3035 3825 Tunc
3087 3767 3453 3825 Guillelmus
3518 3785 3744 3825 ensem
3777 3782 3830 3821 ex

2152 3860 2281 3917 auri
2335 3877 2439 3915 sex
2494 3858 2660 3914 libris
2720 3858 2783 3913 in
2858 3856 3077 3930 capulo
3140 3856 3609 3931 bratteolisque
3678 3863 3829 3927 atque

2150 3949 2331 4006 bullis
2362 3947 2743 4004 artiﬁcialiter
2784 3946 3258 4019 mirabiliterque
3298 3946 3663 4019 sculptum,
3696 3944 3829 4001 dedit

2152 4038 2397 4104 Cononi,
2426 4042 2489 4093 ut
2515 4037 2737 4092 indicio
2766 4035 3028 4092 exeundi
3055 4034 3318 4090 deferret
3363 4051 3525 4092 eum
3577 4042 3642 4093 et
3668 4040 3831 4092 osten-

2152 4129 2317 4184 deret
2358 4126 2579 4196 legioni
2618 4125 2901 4181 domibus
2928 4124 3219 4181 residenti
3247 4123 3629 4198 domosque
3661 4125 3830 4181 adhuc

2153 4214 2487 4288 dissipanti.
2546 4218 2694 4271 Cum
2756 4218 2958 4270 autem
3029 4216 3195 4270 Cono
3252 4212 3493 4269 iterum
3562 4214 3829 4270 festinans

2153 4306 2266 4362 illis
2318 4309 2672 4371 occurreret,
2723 4318 3052 4374 ensemque
3104 4300 3403 4357 Willelmi
3469 4303 3667 4361 ducis
3717 4314 3830 4359 auru

2155 4393 2531 4466 gemmisque
2569 4391 2993 4463 praifulgidum
3040 4390 3155 4446 illis
3184 4389 3691 4459 demonstraret,
3722 4404 3829 4445 con-

2154 4484 2320 4538 tinuo
2372 4497 2496 4536 non
2548 4480 2969 4553 adquiescunt,
3016 4494 3229 4534 verum
3283 4482 3660 4537 summisso
3700 4478 3829 4534 vulta

2156 4570 2403 4644 proclivi
2433 4573 2642 4626 contra
2670 4584 2898 4635 ensem,
2921 4568 3140 4623 domos
3162 4566 3585 4635 dimiserunt,
3614 4579 3829 4637 sesequt

2154 4658 2411 4715 nimium
2463 4658 2525 4713 in
2577 4656 2738 4712 exitu
2786 4655 3217 4728 opprimentes,
3251 4655 3390 4712 sine
3417 4673 3757 4715 murmure
3782 4650 3833 4707 aii

2157 4763 2335 4802 suum
2362 4746 2579 4802 ducem
2608 4748 2994 4800 reverterunt.

2229 4853 2575 4911 Guillelmus
2609 4857 2811 4908 autem
2840 4867 3090 4907 veniens
3116 4850 3195 4905 ad
3221 4865 3449 4920 regem
3486 4855 3834 4911 Heinricum.

2155 4941 2304 4998 dixit
2328 4942 2537 4997 adesse
2564 4956 2767 5009 regem
2790 4938 3183 4995 Ludovicum.
3203 4940 3343 4994 Mox
3374 4955 3502 4997 rex
3526 4943 3832 5000 Heinricus,

2158 5035 2405 5100 cogente
2419 5028 3001 5095 Guillelmo,obviam
3023 5027 3077 5082 ei
3092 5027 3368 5096 incessit,
3384 5028 3693 5106 datoque
3710 5046 3834 5086 oscu-

2157 5118 2237 5185 lo,
2264 5117 2663 5189 manibusque
2694 5115 2774 5172 ad
2801 5115 3057 5170 invicem
3085 5113 3467 5185 complosis,
3492 5119 3763 5177 domum
3782 5122 3835 5169 ως

2160 5205 2620 5278 gressi,uterque
2639 5203 2877 5259 resedit.
2897 5202 3212 5274 Multisque
3235 5209 3705 5277 competentiis
3715 5206 3839 5262 vari;

2161 5310 2308 5366 sque
2319 5293 2494 5349 donis
2510 5298 2567 5348 et
2582 5292 2934 5348 muneribus
2951 5290 3218 5347 vicissim
3237 5291 3835 5363 ditati,inextricalv:;

2160 5381 2413 5439 amicitaa
2432 5381 2745 5453 solatiique
2758 5384 2816 5435 et
2829 5379 2927 5450 adj
2937 5378 3113 5435 utorii
3127 5378 3384 5436 vinculo
3402 5399 3533 5455 per
3550 5387 3769 5444 consili
3777 5398 3835 5437 us

2160 5470 2687 5544 praecellentissimi
2707 5469 2983 5524 omnium
3003 5468 3235 5523 ducum
3251 5469 3446 5526 ducis
3461 5474 3781 5533 Guillelmi

2159 5560 2416 5615 invicem
2437 5558 2691 5614 connexi
2712 5562 2851 5613 sunt
2868 5561 2927 5612 et
2942 5556 3235 5623 foederati;
3254 5568 3572 5630 prasente
3603 5566 3823 5635 Hugon:

2163 5647 2269 5703 sed
2288 5662 2411 5702 non
2430 5647 2563 5717 conj
2574 5650 2756 5700 uratte
2783 5643 3116 5699 dilectionis
3135 5642 3399 5716 factore,
3420 5650 3606 5710 duce
3634 5650 3839 5711 Praua»?

2161 5753 2319 5806 rum,
2341 5740 2399 5789 et
2425 5734 2724 5789 Heriberto
2753 5733 2991 5788 nolente
3022 5733 3318 5790 interesse
3353 5741 3672 5817 principe
3706 5750 3839 5805 sar.“

2162 5842 2399 5902 parum.
2420 5824 2678 5892 Regibus
2691 5823 2977 5877 secretius
2989 5822 3740 5907 colloquentibuspuepit
3750 5831 3823 5886 af:
3838 5828 3839 5865 Τ

2163 5916 2217 5978 ri
2240 5913 2486 5971 Dacisca
2504 5912 2711 5981 lingua
2724 5912 2947 5967 ducem
2968 5911 3371 5976 Guillelmum
3396 5921 3744 5982 Saxonum
3764 5922 3833 5976 ὅτι
