3878 6380
63 284 151 335 673
511 281 600 333 DE
645 276 878 333 GESTIS
918 276 1353 333 NORMANNUE
1392 271 1631 328 DUCUM
1671 262 1849 322 LIBRI
1889 254 2080 325 TRES.
2125 305 2192 312 —
2233 275 2362 330 LIB.
2410 275 2498 330 III.
2543 275 2973 334 WILLELMUS.

3347 278 3451 334 674

62 404 446 459 Herimannus.
504 403 670 457 Tunc
747 402 869 456 dux
920 402 1467 456 Northmannorum
1546 391 1685 449 duci
1715 390 1765 444 Α
1804 395 2213 451 Laudunensis
2247 397 2404 452 sedis
2433 400 2751 471 omnisque
2778 400 3038 472 populus
3067 418 3205 457 cum
3232 401 3454 471 ingenti

59 498 335 548 Saxonum
363 492 707 547 Guillelmus
742 510 753 546 :
790 514 816 538 ‹‹
848 490 988 555 Quis
1026 490 1125 545 tibi
1179 489 1463 545 Dasciscae
1495 484 1686 553 regio-

60 583 143 637 nis
163 582 414 650 linguam
436 580 775 635 Saxonibus
802 580 1171 651 inexpertem
1201 578 1402 634 docuit
1428 577 1455 631 ?
1488 599 1513 623 ››
1546 578 1687 629 Res-

57 670 245 742 pondit
276 688 286 723 :
320 693 345 717 ‹‹
382 669 738 723 Bellicosum
770 667 1200 738 egregiumque
1233 682 1424 733 genus
1459 668 1572 718 tute
1603 678 1692 717 ar-

57 759 375 830 mipotentis
421 757 725 830 progeniei
760 774 853 811 me
894 756 1192 811 nolentem
1224 755 1536 809 Daciscam
1588 751 1693 805 lin-

57 864 224 915 guam
285 846 562 901 docuit.»
611 844 954 900 Gnillelmus
996 862 1008 899 :
1054 866 1081 892 ‹‹
1112 844 1426 908 Quomodo
1484 841 1691 896 nolen-

57 938 207 991 tem?
238 954 264 985 ›
298 935 725 989 Herimannus:
773 956 797 981 ‹‹
829 933 977 997 Quia
1024 932 1315 987 invadens
1367 930 1692 1001 srepissime

53 1023 292 1097 plurima
322 1026 515 1077 castra
540 1023 652 1076 mei
681 1021 1037 1091 ducaminis,
1062 1018 1519 1074 innumerabilia
1541 1032 1691 1088 prte-

52 1114 127 1167 lia
154 1113 207 1166 in
227 1128 318 1167 me
348 1112 629 1175 exercuit,
664 1127 877 1182 meque
935 1109 1140 1182 praelio
1171 1112 1415 1179 captum
1462 1106 1540 1161 ad
1586 1122 1694 1161 sua

50 1201 331 1267 detraxit;
383 1206 439 1256 et
477 1200 611 1255 ideo
646 1200 914 1255 nolenter
968 1216 1103 1254 eam
1153 1197 1351 1252 didici.
1391 1220 1417 1245 ››
1468 1197 1695 1251 Interea

56 1290 173 1345 dux
213 1294 367 1346 Cono
398 1290 554 1346 fatur
586 1288 921 1345 Saxonibus
961 1286 1391 1342 subsannando
1420 1303 1431 1341 :
1480 1308 1507 1334 ‹‹
1542 1284 1694 1351 Quid

52 1379 213 1433 vobis
239 1378 466 1433 videtur
491 1377 565 1433 de
600 1377 751 1432 duce
805 1376 1352 1432 Northmannorum
1384 1374 1693 1429 Britanno-

49 1484 289 1539 rumque
340 1466 650 1522 Guillelmo
681 1467 709 1521 ?
755 1470 959 1521 Nonne
989 1467 1151 1520 mirae
1189 1464 1494 1537 potestatis
1524 1468 1580 1519 et
1607 1462 1695 1517 fa-

48 1555 869 1628 cultatisinnumerabilisque
922 1556 1044 1610 dux
1095 1554 1541 1610 multitudinis?
1591 1557 1695 1608 Ex-

48 1653 211 1720 cepto
239 1663 371 1717 rege
398 1650 627 1716 nostro,
659 1646 793 1718 quis
823 1645 1140 1717 potentior,
1168 1644 1303 1717 quis
1333 1644 1527 1711 ditior,
1555 1644 1692 1716 quis

1798 488 2091 555 apparatu
2114 486 2463 552 monastico,
2495 503 2633 541 cum
2652 488 2947 559 episcopis
2970 490 3455 562 prtepollentibus

1798 578 2133 627 reverenter
2165 574 2443 645 suscepit,
2476 591 2851 647 puerumque
2901 585 3316 651 nuncupatum
3347 596 3455 635 no-

1802 662 1959 716 mine
2020 663 2381 729 l.hotarium,
2439 670 2821 721 sacrosancto
2896 683 3026 721 rore
3086 668 3337 740 oleoque
3403 675 3459 725 et

1802 751 2078 807 crismate
2109 753 2462 808 innovatum
2516 759 2573 809 et
2623 754 3028 826 purificatum,
3062 756 3136 811 de
3167 756 3327 812 fonte
3362 774 3459 813 ex-

1802 841 1994 895 traxit.
2028 842 2293 914 Hincque
2314 842 2481 897 illum
2537 843 2887 898 muneribus
2949 844 3356 917 praemaximis
3404 851 3459 902 et

1803 930 1975 985 donis
2030 931 2579 1002 preecellentissimi,
2636 932 2911 998 ditatum,
2964 935 3251 990 Lauduno
3318 953 3458 991 cum

1803 1026 1990 1075 matre
2085 1020 2379 1091 Gerberga
2452 1022 2695 1076 nomine
2774 1023 3025 1096 reliquit.
3120 1031 3247 1097 Ipse
3316 1043 3459 1082 vero

1804 1108 1925 1163 suis
1990 1108 2067 1163 ad
2132 1125 2333 1178 regem
2404 1109 2574 1164 citius
2633 1111 2818 1178 rediit,
2889 1117 2945 1167 et
2999 1114 3293 1187 quidquid
3359 1117 3462 1171 ho-

1804 1197 2045 1252 nestatis
2078 1214 2148 1253 eo
2178 1198 2493 1265 acciderat,
2526 1199 2649 1268 regi
2674 1199 2886 1255 retulit.
2922 1204 3039 1256 Rex
3070 1208 3270 1258 autem
3303 1204 3460 1260 Guil-

1801 1285 2048 1340 lelmum
2083 1302 2191 1358 pro
2221 1287 2503 1341 omnibus
2534 1287 2835 1343 beneﬁciis
2856 1289 3153 1345 honorare
3184 1291 3462 1348 decenter

1802 1374 2007 1440 voluit,
2041 1375 2143 1429 sed
2167 1375 2292 1447 ipse
2322 1375 2469 1430 nihil
2496 1376 2723 1431 horum-
2756 1377 2977 1448 recepit
3007 1396 3019 1444 ;
3052 1395 3261 1433 verum
3319 1390 3459 1436 enm

1804 1465 2127 1535 gratiarum
2152 1465 2384 1521 actione
2412 1466 2535 1535 regi
2566 1465 2769 1522 omnia
2789 1466 3030 1522 remisit.

2442 1570 2823 1610 APOSTROPHA.

1810 1646 1955 1713 Dux,
1988 1659 2177 1712 genus
2207 1642 2513 1713 egregium
2570 1643 2916 1715 praecellens
2947 1660 3163 1701 norma
3196 1651 3457 1720 tuorum,

47 1736 248 1791 melior
273 1735 370 1790 illo
398 1736 424 1789 ?
458 1759 483 1783 »
507 1734 969 1805 Responderunt
1015 1734 1280 1789 Saxones
1312 1750 1324 1787 :
1380 1754 1407 1781 «
1457 1737 1694 1801 lgnora-
1731 1741 1773 1796 Β
1806 1733 2043 1789 Foedere
2074 1731 2430 1804 complacito
2461 1748 2631 1802 reges
2661 1732 2976 1806 stabilique
3005 1733 3243 1803 ligatus,

45 1826 255 1881 bamus
294 1840 495 1879 rerum
550 1822 965 1878 sufﬁcientiam
1011 1821 1188 1887 illius,
1244 1821 1499 1894 ideoque
1526 1820 1693 1876 illum

45 1913 268 1987 pridem
300 1913 460 1969 falsae
500 1911 798 1985 opinionis
828 1910 1013 1966 verbo
1069 1909 1312 1980 indigne
1341 1909 1695 1982 vituperavi-

45 2020 196 2059 mus.
240 2026 264 2050 »
296 2005 580 2057 Narrante
618 2003 859 2057 Conone
891 1999 1043 2055 duce
1073 1998 1229 2054 facta
1258 1998 1556 2054 mirabilia
1578 1998 1695 2053 suf-

43 2092 444 2164 ﬁcientiasque
476 2090 800 2163 locupletes
828 2088 1119 2144 Guillelmi
1151 2088 1339 2155 ducis,
1388 2092 1696 2160 coeperunt

46 2184 301 2237 Saxones
331 2177 644 2249 caeterique
679 2182 939 2232 astantes
994 2193 1131 2231 eum
1172 2174 1556 2246 magniﬁcare
1586 2192 1693 2249 pa-

40 2271 180 2325 riter
203 2266 575 2323 sermonibus
603 2265 865 2322 alternis.

121 2356 212 2411 His
243 2356 319 2410 ita
345 2353 773 2410 rationabiliter
802 2353 1069 2408 difﬁnitis
1120 2356 1176 2407 et
1198 2352 1466 2425 expletis,
1504 2352 1694 2407 Ludo-

40 2446 175 2501 vico
206 2444 345 2513 regi,
379 2461 516 2498 cum
544 2442 855 2497 Guillelmo
886 2442 1038 2496 duce
1087 2441 1430 2512 czeterisque
1478 2441 1695 2512 princi-

40 2534 218 2607 pibus
246 2533 320 2587 ad
346 2531 701 2588 Laudunum
729 2530 1060 2595 revertenti,
1086 2530 1341 2584 occurrit
1366 2529 1582 2597 legatio
1612 2530 1697 2584 di-

39 2639 173 2693 gnae
212 2620 643 2688 exsultationis,
677 2619 1040 2674 denuntians
1095 2634 1221 2673 esse
1280 2618 1330 2672 ei
1383 2618 1572 2672 ﬁlium
1624 2634 1695 2672 ex

36 2712 290 2781 conjuge
324 2710 707 2765 dilectissima
737 2708 979 2763 nomine
1003 2708 1299 2776 Gerberga
1318 2711 1546 2762 natum.
1568 2709 1695 2772 Quo

33 2800 239 2858 audito
268 2798 509 2855 hilarior
537 2796 959 2863 eﬂectus,dixit
987 2795 1295 2851 Guillelmo
1323 2794 1461 2849 duci
1491 2811 1692 2852 coram

34 2888 383 2946 memoratis
408 2887 779 2961 principibus
810 2904 821 2941 :
854 2904 883 2937 (
916 2888 999 2941 Me
1031 2900 1222 2957 usque
1255 2884 1437 2939 modo
1494 2885 1695 2940 multis

34 2977 411 3035 contumeliis
439 2976 723 3031 infectum
777 2974 1067 3046 nequiter,
1099 2971 1409 3028 afﬂuenter
1453 2973 1693 3043 juvasti,

1803 1821 2328 1895 Tranquillamque
2357 1826 2519 1877 satus
2547 1837 2758 1893 pacem
2789 1838 2894 1894 per
2934 1823 3196 1896 compita
3225 1826 3459 1894 mundi,

1803 1913 1953 1976 Quin
1971 1917 2026 1968 et
2055 1911 2401 1983 adoptivam
2428 1911 2657 1983 prolem
2689 1918 2998 1984 susceptus
3025 1913 3103 1968 ab
3134 1914 3314 1985 alma,

1804 2001 2217 2072 Extollensque
2246 2000 2526 2056 salutiferi
2557 2000 2937 2072 baptismatis
2961 2002 3144 2059 unda.

1805 2093 2048 2146 Gressus
2080 2094 2235 2144 verte
2265 2094 2419 2159 tuos,
2442 2090 2660 2145 celeres
2688 2093 3020 2163 torqueque
3049 2092 3333 2165 caballos,

1806 2179 2074 2251 Etglebae
2098 2195 2298 2234 remea
2338 2179 2507 2234 citius
2540 2179 2753 2235 natalis
2780 2180 2852 2235 ad
2888 2196 3050 2247 oras,

1808 2273 1936 2335 Qua
1968 2285 2139 2323 sacra
2169 2268 2431 2340 populus
2461 2268 2685 2324 ditione
2714 2274 2813 2324 tua
2833 2270 3181 2326 moderatur

1805 2356 2039 2426 Spectat
2065 2355 2325 2427 prmsidii
2351 2355 2570 2425 jugiter
2602 2357 2811 2413 solatia
2830 2357 3014 2427 digni.

1808 2444 2012 2499 Omnis
2038 2459 2178 2499 nam
2212 2443 2335 2497 sine
2377 2448 2429 2498 te
2456 2460 2653 2499 rerum
2685 2461 2776 2499 res
2808 2444 2955 2501 forte
2980 2447 3234 2503 vacillat.

1877 2532 1976 2587 His
2002 2532 2079 2587 ita
2110 2531 2215 2587 rite
2241 2532 2605 2603 compositis,
2640 2548 2797 2601 rege.
2834 2574 2847 2587 .
2880 2576 2891 2587 .
2921 2577 2932 2589 .
2962 2575 2973 2587 .
3004 2535 3257 2605 .pariter
3286 2552 3459 2591 oscu-

1804 2622 1956 2688 latis,
1988 2622 2292 2693 nimiaque
2352 2621 2864 2689 congratulatione
2922 2623 3000 2677 ad
3027 2624 3277 2679 invicem
3329 2643 3460 2681 am-

1804 2711 2079 2783 plexatis,
2144 2726 2281 2780 rege
2360 2700 2711 2764 Laudunum
2794 2716 3048 2783 petente,
3118 2713 3461 2771 Guillelmus

1805 2799 1882 2854 ad
1933 2800 2237 2870 regionem
2297 2815 2418 2853 sua;
2476 2797 2717 2853 ditionis
2766 2798 2945 2871 cmpit
2975 2800 3221 2856 celerius
3276 2804 3460 2874 proﬁ-

1806 2889 1963 2945 cisci.

2437 2994 2819 3033 APOSTROPHA.

33 3066 182 3123 mihi
209 3065 481 3138 plurimis
510 3062 1122 3137 inopportunitatibus
1162 3066 1508 3131 aggravato,
1559 3078 1698 3116 con-
1731 3090 1772 3146 C
1804 3066 1847 3119 Ο
1886 3064 2193 3135 Rotbome,
2222 3066 2359 3119 tuus
2390 3062 2491 3117 tibi
2519 3063 2641 3117 dux
2668 3063 2823 3119 venit
2859 3080 2929 3119 en
2962 3065 3334 3138 recolendus,

33 3156 331 3213 venienter
361 3153 719 3210 succurristi.
752 3152 903 3218 Quin
936 3152 1113 3207 etiam
1154 3150 1489 3222 largissimo
1515 3150 1695 3206 facul-

36 3252 221 3303 ;atum
252 3249 491 3299 tuarum
543 3242 804 3314 dapidus
855 3241 1172 3297 educando
1226 3244 1283 3295 et
1320 3256 1355 3296 a
1396 3245 1693 3295 conventu

36 3332 493 3401 nalignantium
523 3330 893 3403 protegendo
933 3328 1151 3385 fovisti.
1217 3327 1437 3384 Idcirco
1463 3344 1692 3400 precor,

36 3431 89 3480 1t
124 3422 315 3476 filium
349 3437 552 3476 meum
586 3422 865 3475 hesterna
904 3418 999 3473 die
1025 3424 1256 3484 natum,
1285 3417 1696 3490 nuncupando

36 3521 80 3570 at
106 3510 480 3567 testiﬁcando
506 3513 750 3565 nomine
778 3509 1141 3575 Lhotarium,
1177 3507 1328 3563 sacri
1366 3507 1696 3580 baptisma-

38 3606 96 3659 is
132 3602 208 3656 de
237 3602 397 3656 fonte
426 3599 717 3671 suscipias
748 3602 1186 3667 regeneratum,
1238 3602 1536 3668 quatenus
1568 3614 1695 3653 ma-

46 3693 176 3749 oris
211 3691 427 3763 copula
457 3689 785 3744 dilectionis
816 3687 1123 3759 amplioris
1171 3686 1423 3741 nexibus
1475 3688 1697 3742 amoris

38 3780 312 3847 :olligati,
359 3778 525 3851 quod
579 3794 783 3833 meum
836 3781 923 3832 est
954 3780 1175 3847 tuapte,
1204 3774 1371 3847 quod
1397 3779 1567 3830 tuum
1612 3780 1700 3832 est

40 3875 290 3941 meapte,
326 3868 548 3923 mutuis
579 3864 990 3939 competentiis
1022 3863 1294 3919 fruamur
1316 3864 1492 3918 unius
1528 3880 1697 3919 men-

40 3963 117 4017 is,
160 3982 188 4007 ›)
225 3960 350 4012 Dux
379 3972 515 4011 vero
567 3955 912 4011 Guillelmus
963 3952 1139 4021 regiae
1182 3952 1293 4007 sibi
1346 3954 1698 4022 congruenti

39 4063 238 4105 avens
267 4044 557 4116 petitioni,
599 4042 983 4115 respondisse
1035 4041 1219 4096 fertur
1265 4039 1391 4109 regi
1424 4057 1435 4094 :
1473 4061 1501 4093 α
1534 4044 1700 4096 Nunc

39 4154 193 4202 'ero,
230 4140 289 4189 et
328 4133 621 4207 quamdiu
680 4137 978 4205 superstes
1037 4130 1225 4199 fuero,
1265 4146 1401 4202 qute
1448 4130 1698 4200 jusseris

42 4229 347 4294 .iligenter
378 4222 651 4295 explebo.
700 4220 954 4277 Francia;
984 4219 1174 4289 regni,
1229 4224 1699 4291 cmterorumque

41 4328 380 4383 agnorum,
399 4327 660 4382 quarum
683 4310 1028 4364 dominatus
1051 4312 1141 4363 est
1168 4312 1337 4379 pater
1364 4311 1521 4376 tuus,
1550 4323 1699 4362 avus

43 4415 65 4462 t
96 4418 399 4477 proavus,
434 4401 614 4455 etiam
641 4405 899 4465 attavus,
947 4415 1044 4453 me
1074 4398 1247 4466 duce,
1280 4413 1375 4452 me
1427 4397 1696 4469 juvante,
1732 4442 1774 4494 Β

42 4512 115 4553 ae
153 4493 217 4547 in
235 4490 522 4545 omnibus
552 4494 875 4562 praeeunte,
904 4486 1397 4553 dominaberis,et
1420 4503 1700 4558 arrogan-

48 4600 172 4641 um
209 4580 367 4635 colla
388 4579 777 4649 subjiciemus
808 4578 870 4633 in
894 4583 946 4633 te
976 4576 1309 4641 rebellium,
1332 4576 1556 4649 tibique
1584 4594 1699 4632 ser-

44 4677 144 4729 ire
180 4668 623 4731 abdicantium,
647 4684 742 4722 me
782 4671 1036 4733 astante,
1070 4665 1489 4721 cxarmaveris.
1534 4666 1695 4731 Quos

44 4761 361 4821 Jblimare
393 4757 841 4831 praeoptaveris,
874 4755 1152 4811 extollam
1189 4774 1201 4822 ;
1243 4771 1396 4827 quos
1426 4754 1699 4810 detrude-

44 4872 89 4923 ε,
133 4851 480 4905 terratenus
511 4845 992 4918 proteram.0uin
1015 4844 1193 4899 etiam
1229 4842 1525 4915 quidquid
1550 4842 1697 4897 velle

45 4942 113 4998 bi
146 4936 353 5002 fuerit,
386 4952 421 4991 a
452 4951 547 4990 me
580 4934 722 4990 scito
748 4932 893 4988 ﬁeri.
932 4956 957 4982 η
990 4933 1085 4987 His
1115 4932 1193 4987 ita
1216 4932 1294 4986 ab
1318 4937 1569 5003 utroque
1591 4948 1696 5003 pe-

46 5026 265 5093 rratis,
294 5025 383 5080 ira
413 5024 612 5089 corde,
646 5040 767 5079 non
788 5022 977 5091 vultu,
1006 5021 1310 5089 commoti,
1344 5025 1700 5092 stupuerunt

46 5114 331 5186 vincipes
355 5130 534 5185 super
549 5113 661 5168 hoc
695 5110 1018 5167 Franciscee
1048 5108 1500 5179 gentis.Abhinc
1521 5124 1694 5164 nam-

48 5227 123 5269 1e
157 5204 427 5260 subdolo
445 5202 623 5258 corde
645 5200 1142 5271 fraudulentaque
1168 5197 1489 5253 intentione
1515 5202 1695 5269 atque

48 5293 356 5375 .phistica
401 5290 897 5346 sermonicatione
937 5294 1239 5360 caeperunt
1291 5286 1691 5357 Guillelmum,

48 5399 272 5447 nnem
306 5380 675 5453 pestiferum,
710 5378 980 5451 nequiter
1009 5383 1279 5434 tractare.

56 5470 446 5535 (:uillelmus
476 5483 640 5536 vero,
672 5483 809 5535 rege
868 5466 1249 5539 exercituque
1312 5482 1423 5522 suo
1464 5465 1693 5522 Laudu-

60 5559 186 5623 nsi
218 5572 385 5628 pago
416 5554 636 5619 relicto,
692 5554 1047 5609 Laudunum
1108 5556 1439 5623 Clavatum,
1481 5556 1586 5627 qui
1639 5559 1695 5611 et

50 5661 239 5714 brax
267 5644 503 5711 dicitur,
532 5643 738 5715 petivit
768 5643 903 5711 cito,
950 5647 1335 5703 antecedente
1385 5646 1697 5718 episcopo-

50 5761 137 5805 ω
178 5734 518 5793 Ρωηοίεοω
549 5732 737 5803 gentis
783 5734 988 5793 choro.
1043 5738 1232 5801 Quem
1261 5736 1458 5794 omnis
1500 5734 1694 5793 clerus

1766 3158 1785 3165 “
1807 3154 2134 3225 Regnaque
2165 3153 2468 3209 Gallorum
2489 3152 2666 3223 justis
2687 3153 3032 3209 moderatus
3060 3155 3333 3212 habenis.

1808 3245 2045 3299 Semina
2070 3243 2309 3313 justitiae
2342 3243 2764 3298 Northmannis
2798 3249 3037 3316 sparget
3063 3245 3304 3302 abunde

1803 3331 2022 3387 Callere
2055 3336 2111 3386 et
2132 3332 2340 3401 judicii
2368 3332 2589 3387 meritis
2614 3332 2921 3388 vivacibus
2950 3334 3075 3401 ibit,

1805 3425 2000 3477 Donec
2032 3421 2296 3491 martyrii
2327 3420 2634 3475 redimitus
2655 3437 2901 3476 munere
2932 3422 3116 3492 digni,

1806 3508 2059 3565 Scandet
2080 3508 2157 3563 ad
2190 3508 2429 3562 Elisium
2456 3508 2715 3563 donatus
2774 3514 3085 3566 stemmate
3143 3528 3455 3583 campum,

1807 3603 1868 3654 In
1888 3612 2246 3668 summoque
2276 3596 2439 3651 bono
2461 3596 2677 3651 deitate
2706 3596 3027 3651 merebitur
3060 3599 3157 3653 uti.

1806 3693 2122 3743 Armorum
2153 3690 2205 3741 te
2239 3701 2397 3740 nunc
2431 3684 2658 3755 passim
2693 3685 2905 3739 virtute
2933 3690 3145 3741 tuetur.

1806 3780 1966 3832 Tunc
1994 3774 2273 3848 precibus
2299 3773 2494 3842 dignis
2524 3773 2865 3847 meritisque
2904 3774 3163 3830 tuebitur
3194 3773 3385 3831 almis.

1879 3868 2024 3920 Cum
2055 3869 2254 3920 autem
2284 3862 2445 3918 fama
2495 3862 2647 3918 celer
2675 3862 3077 3919 habitantium
3130 3863 3191 3919 in
3240 3863 3462 3920 ﬁnibus

1806 3953 2285 4011 Northmannicis
2345 3956 2571 4008 mentes
2597 3952 2793 4009 subito
2831 3954 2905 4007 de
2935 3959 3140 4027 optato
3173 3954 3463 4010 Guillelmi

1806 4045 1975 4100 ducis
2004 4044 2198 4099 reditu
2226 4042 2585 4116 percelleret,
2611 4043 2948 4115 ducemque
2980 4061 3158 4099 suum
3188 4050 3308 4100 tam
3338 4061 3465 4100 ma-

1807 4134 2093 4203 gniﬁcum
2146 4132 2354 4187 adesse
2406 4136 2798 4204 praemoneret
2841 4150 2853 4199 ;
2908 4138 3211 4189 commota
3276 4133 3462 4188 nimio

1808 4222 2028 4292 gaudio
2060 4226 2182 4277 tota
2238 4220 2806 4289 Rothomagensium
2861 4221 3066 4277 civitas
3099 4221 3293 4276 subito
3322 4237 3463 4293 pro-

1807 4329 1978 4368 cessu
2004 4316 2211 4367 contra
2232 4310 2397 4365 illum
2429 4310 2658 4375 exsiliit,
2688 4310 3047 4382 diversaque
3095 4310 3459 4377 diverticula,

1807 4408 1871 4457 ut
1898 4418 2035 4456 eum
2057 4400 2257 4455 videre
2304 4403 2507 4471 posset
2556 4398 2819 4469 requirit.
2868 4398 3262 4470 Femineoque
3316 4415 3462 4453 scxu

1808 4494 1995 4546 stante
2022 4487 2174 4542 muri
2203 4486 2263 4541 in
2294 4484 2779 4557 propugnaculis,
2817 4486 3014 4539 senilis
3065 4486 3247 4540 aetatis
3280 4486 3461 4555 vulgo

1806 4576 1867 4630 in
1892 4573 2089 4639 biviis,
2114 4569 2392 4641 juvenilis
2420 4568 2753 4640 mediaeque
2776 4569 2961 4623 tetatiS
2990 4569 3163 4641 plebe
3189 4574 3461 4625 currente

1806 4662 2049 4719 obviam
2081 4662 2132 4715 ei
2168 4677 2179 4713 :
2214 4658 2415 4715 Clerus
2466 4656 2842 4729 praestolatus
2899 4657 3065 4712 illum
3124 4658 3183 4713 in
3222 4662 3460 4730 portam

1805 4751 2054 4808 civitatis
2112 4766 2250 4805 cum
2306 4746 2633 4802 reverentia
2682 4747 3027 4802 monasticae
3079 4747 3461 4803 institutionis

1805 4845 2048 4897 ovantes
2075 4836 2350 4909 suscepit.
2383 4834 2710 4906 Statimque
2759 4834 2937 4907 ccepit
2985 4851 3256 4890 exercere
3299 4835 3457 4904 leges

1804 4935 1858 4985 et
1883 4931 2041 4999 jura,
2096 4932 2464 4999 paternaque
2517 4924 2773 4991 decreta,
2830 4939 2965 4996 quae
2997 4929 3182 4988 erant,
3215 4924 3311 4978 illo
3352 4924 3460 4979 ab-

1808 5024 1990 5083 sente,
2023 5016 2311 5085 neglecta.
2355 5014 2557 5083 Jurgia
2578 5018 2633 5068 et
2663 5013 2935 5085 querelas
2986 5012 3113 5083 lege
3166 5012 3459 5069 deﬁniens

1802 5104 2593 5174 determinabat,omnesque
2623 5101 2854 5171 legibus
2876 5106 2977 5158 aut
3007 5101 3327 5157 concordia
3356 5118 3461 5175 pa-

1803 5194 2096 5252 ciﬁcabat.
2129 5195 2290 5248 Tunc
2315 5190 2643 5247 construxit
2672 5190 2990 5261 Gimegias,
3040 5189 3312 5246 mirabile
3340 5191 3463 5249 dic-

1804 5292 1887 5355 tu,
1929 5282 2183 5354 mirique
2246 5278 2565 5335 schematis
2609 5280 2903 5352 templum
2930 5280 3285 5337 monachilis
3334 5281 3463 5338 reli-

1803 5373 1993 5444 gionis
2022 5372 2179 5427 clero
2204 5370 2509 5444 profusius
2550 5369 2884 5426 suffultam.
2941 5372 3076 5427 Erat
3104 5376 3303 5428 autem
3334 5372 3463 5446 qui-

1800 5465 1942 5520 dam
1974 5462 2252 5518 Martinus
2285 5460 2700 5516 sanctissimus
2726 5461 2918 5517 abbas
2961 5460 3115 5517 illius
3168 5468 3464 5519 monaste-

1799 5553 1867 5609 rii
1897 5550 2240 5608 custodiens
2271 5551 2604 5605 monachos
2657 5552 2771 5607 sub
2796 5552 3071 5625 palaestra
3120 5552 3460 5625 prtestrictaa

1800 5641 2020 5711 regula:
2052 5639 2323 5697 theoricee
2382 5640 2923 5714 contemplationis.
2981 5644 3254 5706 Quadam
3293 5659 3461 5700 nam-

1800 5748 1919 5806 que
1950 5732 2046 5789 die
2072 5747 2261 5790 causa
2289 5729 2579 5788 orationis
2610 5732 2910 5805 profectus
2937 5732 3255 5807 Gimegias,
3294 5730 3461 5808 quod
