3968 6368
438 240 542 301 675

1425 231 1730 299 DUDDNIS
1769 227 2028 306 necant
2065 224 2124 302 δ,
2165 224 2474 306 ρυιιςτιΝι
2510 229 2895 310 γῐβοῃΑΝι).

3761 234 3872 290 676

437 358 630 441 gratia
676 355 853 447 primi
910 357 1074 436 ﬂoris
1127 355 1306 447 corde
1350 359 1710 447 conceperat
1745 353 1994 411 volvens
2037 350 2098 408 in
2128 352 2174 428 ᾼ
2213 349 2416 447 animo
2469 358 2694 447 motus,
2751 352 2949 447 renuit
3019 352 3258 447 illorum
3308 353 3719 447 petitionibus,
3767 371 3885 447 nec

437 443 941 530 animo,'Martino
967 445 1347 520 sanctissimo
1396 443 1601 520 abbati
1621 443 1826 518 dicens
1875 456 2100 530 sermo-

439 528 753 597 cinabatur
785 553 796 594 :
833 558 858 583 ‹‹
891 537 1006 601 Cur
1033 533 1366 594 Christiana
1393 533 1598 604 religio
1627 531 1912 607 tripertito
1939 528 2100 590 ordi-

436 641 511 704 ne
540 621 847 684 ecclesiam
876 621 1213 694 frequentat
1239 621 1267 676 ‘I
1289 623 1550 680 Eruntne
1596 607 1775 704 unius
1807 616 2100 682 mercedis

437 692 734 794 imiqsque
759 692 999 792 bravii,—
1023 707 1127 793 qui
1158 707 1430 780 dispares
1485 713 1624 765 sunt
1647 692 1860 784 ofﬁciis
1915 704 2102 771 Chris-

437 799 608 874 tianae
639 797 1088 872 religiositatis?
1123 820 1150 864 ρ)
1204 797 1532 871 Respondit
1577 797 1768 855 abbas
1805 815 1816 855 :
1851 819 1876 845 ‹‹
1915 797 2102 852 Unus-

434 869 690 964 quisque
721 905 898 968 suum
919 869 1256 944 mercedem
1289 869 1538 962 accipiet
1561 887 1896 968 secundum
1924 900 2101 950 suum

434 963 725 1052 laborem.
766 963 880 1032 Sed
934 976 1038 1056 tibi
1099 975 1332 1040 nutanti
1387 976 1462 1032 de
1518 963 1758 1042 talibus,
1802 963 2102 1046 reserabo

434 1069 564 1125 haac
593 1066 980 1124 enucleatius.
1015 1066 1359 1138 Christianas
1391 1064 1696 1137 religionis
1737 1081 1978 1124 summa
2013 1064 2104 1121 tri-

435 1157 620 1223 modo
643 1159 876 1212 constat
891 1153 1098 1210 ordine
1121 1154 1396 1210 distincta
1429 1172 1442 1210 :
1479 1152 1766 1232 muniﬁco
1785 1153 2099 1219 laicorum,

436 1245 1008 1323 canonicorumque,
1041 1247 1220 1314 atque
1243 1242 1685 1302 monachorum
1705 1241 1913 1306 labore
1939 1256 2101 1296 exer-

437 1334 570 1404 cita,
603 1333 943 1388 Trinitatem
976 1332 1036 1386 in
1085 1331 1378 1409 personis,
1415 1334 1598 1405 Deum
1651 1347 1842 1409 unum
1873 1331 1932 1388 in
1965 1329 2102 1384 sub-

435 1421 654 1478 stantia
703 1419 964 1477 articulis
1021 1418 1139 1475 ﬁde
1183 1424 1482 1476 exsecuta.
1545 1421 1813 1490 Quorum
1853 1418 2101 1482 servitus

434 1511 677 1568 feliciter
699 1509 980 1584 perfecta,
1010 1509 1085 1566 ad
1115 1509 1334 1566 coelum
1381 1508 1565 1564 tendit
1617 1508 1808 1581 aequis
1865 1507 2104 1563 incessi-

433 1601 572 1686 bus.
603 1603 670 1656 Et
711 1615 1067 1686 quanquam
1100 1603 1216 1654 tres
1245 1599 1482 1660 ordines
1513 1598 1650 1669 sint,
1683 1598 1760 1654 ad
1809 1596 2102 1654 excollen-

2209 439 2505 512 acquievit
2533 441 2804 497 charitati
2827 441 2902 497 ad
2932 457 3107 496 esum
3160 441 3481 520 ullatenus,
3517 443 3621 499 sed
3669 443 3884 518 petivit

2208 528 2616 600 Bothomagen
2626 547 2752 586 sem
2783 529 2996 586 urbem
3027 529 3301 588 celerius.
3674 523 3682 527 ’

2850 605 3240 679 ΑΡοεΤΒοΡΗΑξ

2205 706 2394 764 Omne
2424 705 2653 765 bonum
2683 707 2919 779 praescii
2947 709 3124 776 Deus,
3181 710 3239 764 et
3273 707 3660 784 praedestinat
3696 723 3886 779 unus,

2207 796 2395 851 Omne
2417 795 2646 852 malum
2670 797 2907 868 praescit
2951 797 3131 867 Deus,
3162 813 3232 852 ac
3259 813 3383 852 non
3412 797 3676 866 destinat
3699 815 3884 864 unus.

2209 883 2360 966 felix
2393 883 2540 940 velle
2569 889 2736 942 tuum
2769 885 3024 957 praescit,
3058 885 3443 958 praedestinat
3473 891 3534 944 at
3558 903 3699 944 non.

2208 972 2318 1039 Qui
2345 971 2454 1028 tria
2486 990 2725 1030 summa
2751 975 3202 1042 manet,trinum
3225 975 3551 1048 specimen,
3575 975 3882 1046 vigorum.

2208 1059 2364 1124 Felix
2395 1060 2539 1118 velle
2573 1067 2741 1120 tuum
2765 1078 2909 1134 nam
2941 1065 3088 1118 scire
3115 1062 3216 1118 Dei
3238 1063 3620 1135 anticipante,

2206 1149 2478 1220 Palmam
2510 1151 2777 1224 martyrii
2809 1151 3021 1208 merito
3045 1157 3347 1208 crescente
3375 1152 3628 1210 subibis.

2279 1239 2504 1294 Eadem
2525 1240 2750 1313 quippe
2776 1245 2948 1304 nocte
2976 1245 3346 1304 exuastuante
3380 1241 3514 1302 rufo
3545 1241 3678 1310 felle
3737 1258 3884 1310 cum

2207 1327 2434 1384 czeteris
2463 1327 2841 1390 humoribus,
2871 1329 3050 1402 C(epit
3079 1329 3365 1399 gravibus
3387 1329 3641 1391 nimium
3669 1330 3883 1388 torreri

2207 1413 2536 1491 doloribus,
2569 1421 2852 1493 reputans
2903 1417 3018 1474 hoc
3057 1417 3288 1476 malum
3319 1417 3371 1477 ei
3424 1417 3714 1484 accidisse
3744 1433 3889 1494 pro-

2206 1509 2337 1580 pter
2368 1503 2702 1574 neglectam
2733 1505 3079 1562 charitatem
3106 1506 3221 1562 cibi
3249 1511 3304 1561 et
3329 1511 3527 1579 potus,
3552 1523 3744 1580 quam
3774 1505 3888 1562 ab-

2209 1598 2421 1647 nuerat
2475 1593 2788 1648 monachis
2840 1591 3328 1668 deprecantibus.
3390 1594 3616 1671 idcirco
3669 1595 3887 1659 North-

433 1682 580 1746 dum
613 1680 839 1758 cultum
869 1705 1026 1744 verte
1046 1688 1188 1744 ﬁdei
1217 1686 1444 1762 bicallis
1476 1687 1570 1743 via
1601 1694 1688 1744 est
1738 1686 1982 1751 ambivii
2009 1687 2102 1742 iti-
2139 1703 2180 1756 Β
2211 1696 2578 1735 mannorum
2618 1680 3048 1758 Britonumque
3101 1682 3474 1758 principibus
3521 1682 3742 1756 ascitis,
3776 1683 3885 1740 ad—

433 1779 614 1854 neris,
647 1783 807 1834 certa
859 1793 963 1844 spe
1012 1793 1168 1832 verae
1223 1775 1606 1851 credulitatis.
1667 1777 1934 1842 Quarum
1980 1791 2102 1830 una

433 1871 727 1941 πρακτικὴς
773 1865 1019 1929 nomine
1067 1864 1260 1932 laxius
1307 1864 1484 1932 vehit,
1539 1869 1596 1920 et
1649 1864 1940 1942 canonica
1987 1863 2103 1919 dici

435 1955 654 2010 meruit
685 1944 841 2030 :‘s‘ub
890 1954 1062 2026 cujus
1121 1952 1344 2026 ditione
1373 1951 1602 2019 laicalis
1633 1951 1782 2030 ordo
1837 1957 2105 2014 moratur

437 2050 493 2100 et
517 2043 676 2102 vivit.
725 2043 919 2100 Altera
967 2057 1110 2096 vero
1154 2041 1417 2109 nomine,
1466 2043 1764 2114 θεοριτιχὴς
1817 2041 2103 2096 limitibus

435 2121 576 2187 hinc
604 2123 743 2186 inde
765 2129 984 2186 coactis
1015 2128 1194 2185 allata
1225 2145 1347 2200 non
1381 2130 1537 2186 vehit
1585 2146 1691 2202 per
1737 2129 1942 2202 plana,
1999 2128 2102 2184 sed

439 2235 680 2274 secessu
709 2217 969 2294 confixa,
1001 2222 1346 2290 secretoque
1379 2219 1626 2290 perenni
1674 2217 1830 2283 laeta,
1861 2217 2104 2272 molitur

439 2323 676 2378 semper
703 2288 1024 2362 adardua.
1056 2306 1192 2360 Haec
1213 2288 1545 2384 apostolica
1579 2310 1666 2362 est
1689 2293 2100 2377 denominata,

439 2412 626 2468 quam
658 2411 770 2452 nos
803 2400 1144 2468 peccatores
1171 2386 1436 2470 exSequi,
1469 2400 1525 2460 et
1553 2411 1691 2474 cum
1721 2411 1793 2450 ea
1847 2394 2103 2450 assiduis

439 2485 684 2540 internae
737 2483 1084 2557 intentionis
1114 2481 1350 2538 nisibus
1389 2499 1684 2539 conamur
1712 2483 2038 2562 colluctari.
2071 2505 2100 2531 »

440 2577 568 2649 Haec
599 2577 800 2629 autem
828 2571 1174 2628 Guillelmus
1227 2572 1505 2646 audiens,
1536 2572 1734 2628 retulit
1763 2572 1968 2628 abbati
2017 2571 2100 2628 in-

438 2665 652 2752 quiens
684 2680 698 2719 :
732 2685 760 2712 ‹‹
795 2663 957 2719 Flore
987 2661 1285 2742 primaevae
1317 2662 1504 2744 aetatis
1529 2661 1818 2718 laxiorem
1858 2662 2016 2720 viam
2047 2668 2104 2718 et

439 2751 710 2833 latiorem
740 2751 962 2828 pacisci
987 2770 1000 2820 ;
1048 2751 1391 2824 ﬁnibusque
1419 2752 1808 2824 przestrictam
1833 2757 1889 2807 et
1919 2768 2101 2808 coan-

441 2831 746 2912 gustatam
778 2841 932 2897 volui
959 2857 1344 2914 summopere
1394 2840 1612 2896 imitari
1649 2859 1660 2896 :
1694 2857 1900 2896 verum
1935 2847 2106 2916 pater

439 2947 632 2998 meus,
654 2929 1074 3002 principesque
1106 2929 1195 2983 sui
1221 2929 1653 2984 constituerunt
1677 2946 1776 2984 me
1801 2929 2104 2984 nolentem

2209 1769 2511 1841 ductoque
2535 1786 2722 1846 puero
2760 1765 3004 1825 nomine
3044 1771 3366 1842 Richardo,
3401 1772 3596 1844 specie
3645 1771 3888 1842 elegan-

2207 1859 2457 1926 tissimo,
2493 1877 2632 1914 cum
2659 1860 2742 1916 eis
2797 1860 3009 1932 pandit
3055 1861 3339 1922 secretius
3389 1861 3662 1923 mirabile
3720 1878 3890 1933 arca-

2208 1964 2356 2003 num
2388 1965 2510 2003 suae
2544 1949 2782 2010 mentis,
2815 1947 2983 2022 quod
3013 1948 3248 2004 dudum
3299 1948 3583 2018 retulerat
3637 1950 3886 2024 Martino

2209 2037 2434 2092 abbati.
2467 2038 2735 2110 Cumque
2789 2037 3150 2096 nobilissimi
3219 2037 3530 2110 principes
3570 2037 3890 2096 Britonicae

2209 2127 2812 2199 Northmannicaeque
2865 2127 3126 2196 regionis
3178 2127 3589 2200 experirentur
3647 2127 3894 2186 inaudi-

2211 2221 2358 2285 tum,
2391 2221 2448 2270 et
2475 2216 2651 2287 quasi
2683 2221 3136 2292 monstruosum
3167 2215 3546 2292 proposiium
3587 2216 3890 2292 Guillelmi

2209 2305 2398 2371 ducis,
2432 2305 2494 2365 in
2529 2311 2835 2378 stuporem
2867 2311 2921 2361 et
2948 2291 3322 2364 in'exstasim
3374 2291 3666 2374 c0nversi,
3721 2305 3888 2368 dixe-

2210 2399 2348 2453 runt
2370 2393 2623 2465 nimium
2655 2395 2948 2466 ejulantes
2969 2395 3049 2450 illi
3084 2413 3098 2452 :
3133 2417 3158 2443 ι(
3205 2398 3320 2451 Cur
3359 2393 3498 2460 talia
3527 2399 3726 2452 mente
3757 2411 3891 2450 cor-

2211 2482 2303 2538 dis
2336 2482 2419 2544 tui
2448 2482 2726 2552 rimando
2753 2483 3114 2557 proposuisti
3142 2483 3169 2538 ‘?
3191 2489 3243 2538 et
3273 2483 3320 2544 si
3367 2483 3686 2554 cogitando
3709 2482 3886 2557 quod

2209 2587 2528 2646 nunquam
2554 2571 2656 2628 ﬁet
2683 2571 2960 2650 statuisti,
3017 2589 3206 2646 quare
3265 2572 3361 2628 cui
3413 2571 3708 2650 retulisti?
3738 2571 3889 2647 Quis

2212 2677 2323 2738 nos
2352 2660 2688 2719 defensabit
2718 2661 2796 2718 ab
2824 2661 3069 2718 incursu
3099 2661 3390 2734 pestiferae
3421 2660 3738 2717 ferocitatis
3766 2660 3887 2716 im-

2212 2750 2568 2808 minentium
2600 2767 3002 2825 paganorum,
3035 2753 3250 2824 quisve
3291 2751 3369 2807 ab
3397 2750 3626 2808 insidiis
3651 2749 3887 2822 Franci-

2215 2858 2328 2902 scae
2361 2841 2550 2910 gentis
2581 2855 2690 2908 nos
2722 2839 3016 2898 tuebitur?
3043 2840 3315 2914 Amplius
3341 2839 3507 2914 quod
3555 2855 3878 2916 nunquam

2214 2928 2658 3002 adimplebitur,
2695 2945 2813 2991 non
2845 2933 3166 3002 reputetur.
3194 2953 3220 2980 ››
3286 2929 3456 2984 Tunc
3510 2927 3882 2997 Guillelmus,

440 3019 655 3074 ducem
688 3017 818 3073 sibi.
855 3017 968 3073 Sed
993 3016 1138 3088 quia
1167 3033 1328 3072 nunc
1353 3017 1470 3072 mei
1490 3017 1642 3087 juris
1673 3034 1944 3090 meaeque
1969 3034 2105 3074 sum
2133 3057 2187 3118 β
2217 3017 2633 3087 refragationis
2665 3022 2721 3072 et
2745 3017 3141 3074 dissuasionis
3165 3018 3334 3078 obice
3361 3023 3721 3084 commotus,
3766 3033 3887 3077 res-

440 3106 772 3180 potestatis,
798 3105 1123 3195 palestram
1152 3105 1395 3195 theorici
1427 3105 1592 3180 collis
1623 3106 1762 3169 hinc
1778 3107 1916 3162 inde
1949 3107 2112 3162 stric.
2133 3105 2180 3118 ““”
2217 3105 2502 3195 ponitisse
2533 3107 2716 3173 fertur
2748 3126 2760 3162 :
2792 3128 2822 3163 (ς
2850 3111 2914 3163 Et
2967 3107 3362 3184 reputabitur,
3409 3113 3467 3170 et
3499 3111 3614 3166 Deo
3646 3107 3886 3169 favente

443 3199 558 3253 tius
618 3195 848 3277 limitati
925 3193 1226 3250 mundum
1285 3194 1702 3267 relinquendo,
1756 3201 2108 3270 mutatoque

439 3285 650 3342 habitu
702 3284 840 3345 volo
900 3282 1236 3356 adipisci.»
1283 3283 1546 3340 Audiens
1576 3289 1780 3354 autem
1827 3287 2108 3342 Martinus

441 3375 633 3432 abbas
676 3373 888 3430 merito
937 3371 1522 3450 praecellentissimus
1574 3373 1756 3444 hujus
1815 3373 2104 3429 mirandae

440 3463 782 3536 intentionis
827 3451 1248 3536 propositum,
1285 3461 1598 3534 suspirans
1629 3462 1829 3518 subito
1884 3462 2102 3532 dirigit,

440 3534 928 3620 imoque'vocem
953 3534 1211 3602 trahens
1265 3561 1301 3600 a
1355 3550 1615 3619 pectore,
1650 3545 1846 3618 inquit
1877 3563 1890 3600 :
1925 3569 1953 3596 ‹‹
1993 3547 2104 3602 De-

440 3637 645 3692 fensor
663 3636 844 3708 hujus
872 3633 1100 3716 patriae,
1148 3649 1254 3688 cur
1284 3633 1423 3688 talia
1464 3633 1715 3689 rimatus
1761 3651 1824 3688 es
1857 3634 2046 3690 facere
2076 3634 2104 3689 ‘I

443 3725 585 3790 Quis
623 3723 845 3796 fovebit
871 3723 1094 3778 clerum
1119 3725 1176 3780 et
1205 3720 1500 3798 populum
1526 3722 1554 3779 ?
1594 3721 1734 3786 Quis
1758 3728 1966 3778 contra
1994 3739 2104 3780 nos

441 3815 850 3885 ingruentium
879 3827 1261 3888 paganorum
1315 3811 1593 3868 exercitui
1615 3811 1877 3868 obstabit
1904 3816 1930 3869 ?
1960 3813 2104 3880 Quis

441 3904 706 3982 paternis
757 3901 992 3974 legibus
1048 3906 1211 3972 reget
1287 3907 1523 3956 strenue
1589 3903 1886 3978 populum
1914 3906 1959 3971 ?_
2001 3904 2106 3966 Cui

443 4005 688 4062 gregem
741 3991 1074 4048 committes
1128 3995 1184 4046 et
1213 3991 1670 4046 commendabis
1699 3992 1728 4048 ?
1769 3992 1874 4047 Cui
1921 3991 2104 4049 duca-

440 4097 583 4139 men
639 4079 957 4136 Britannia:
1011 4078 1610 4154 Northmannicaeque
1676 4081 1936 4150 regionis
1994 4080 2107 4138 lar-

442 4169 616 4242 gioris
646 4170 674 4226 ?
711 4167 1099 4224 Sollicitudini
1148 4171 1260 4226 tuae
1300 4167 1516 4223 divinae
1559 4167 1882 4224 voluntatis
1911 4171 2105 4242 provi-

439 4247 642 4314 dentia
665 4273 791 4314 non
821 4255 1305 4324 concordabitur,
1336 4245 1447 4312 nec
1494 4273 1631 4330 quae
1660 4257 1887 4312 moliris
1926 4273 2104 4328 agere

439 4347 820 4422 adimplebis,
847 4362 956 4404 nec
1001 4361 1097 4401 me
1128 4346 1362 4402 favente
1409 4345 1701 4402 ullatenus
1733 4347 2100 4406 tractabitur.

439 4437 554 4492 Sed
585 4411 637 4492 si
664 4453 723 4492 v1
748 4411 1056 4510 potestatis
1085 4439 1198 4490 tuae
1221 4434 1528 4508 professor
1571 4451 1702 4491 esse
1755 4436 1937 4512 hujus
1976 4453 2103 4492 mo-
2135 4411 2178 4476 Β

438 4527 682 4582 nasterii
712 4530 768 4582 et
797 4524 1018 4602 regulae
1072 4529 1412 4601 @iInPlKilz
1465 4525 1593 4592 viai,
1631 4525 1975 4599 relinquens
2019 4541 2104 4581 se-

439 4615 665 4684 culum,
725 4614 1073 4690 incumbere
1124 4612 1408 4690 malueris
1451 4630 1464 4681 ;
1523 4613 1570 4668 si
1623 4629 1720 4669 me
1770 4605 2099 4686 quasieris,

439 4719 744 4782 nusquam
798 4685 1059 4782 regionis
1119 4685 1244 4756 suae.
1290 4700 1559 4776 invenire
1633 4718 1732 4756 me
1789 4685 2028 4773 poteris.
2073 4724 2101 4752 »

441 4771 1065 4870 Contra'istiusmodo,
1089 4771 1491 4846 excusationis
1532 4793 1589 4846 et
1615 4771 2100 4848 contradictionis

438 4869 775 4956 molimina,
805 4881 930 4937 dux
975 4879 1322 4938 Guillelmus
1371 4878 1755 4953 respondisse
1800 4880 1984 4959 fertur
2014 4886 2100 4938 ta-

438 4973 518 5030 lia
550 4993 563 5030 :
594 4995 623 5026 «
655 4971 993 5028 Richardus
1019 4969 1178 5026 ﬁlius
1209 4984 1382 5024 meus
1413 4967 1858 5042 dilectissimus,
1910 4971 2104 5046 pueri-

437 5063 508 5138 lis
539 5063 726 5120 aetatis
749 5059 1088 5138 ignorantia
1117 5057 1317 5132 adhuc
1373 5057 1696 5134 involutus,
1728 5058 2101 5134 principibus

438 5135 588 5209 meis
614 5135 866 5228 libenter
891 5149 1248 5217 faventibus,
1280 5147 1404 5203 dux
1451 5147 1558 5225 erit
1593 5165 1704 5224 pro
1752 5167 1849 5208 me
1889 5155 2099 5224 poten-

440 5243 706 5311 tissimus
733 5240 992 5312 regionis
1024 5241 1206 5312 hujus
1242 5257 1254 5308 ;
1306 5241 1362 5306 et
1390 5238 1558 5312 quod
1588 5239 1704 5294 Deo
1735 5239 1874 5296 vovi
1925 5241 2098 5300 citius

439 5315 624 5412 quam
656 5335 862 5411 potero
888 5328 1238 5402 explebitur.
1270 5351 1296 5376 υ
1331 5329 1595 5386 Exeunte
1625 5334 1828 5386 autem
1868 5331 2099 5406 Guillel-

442 5435 544 5495 ξος)
570 5417 644 5472 de
675 5419 879 5492 templi
899 5419 1061 5476 adito
1087 5435 1228 5476 cum
1257 5418 1476 5476 abbate
1507 5421 1774 5490 Martino,
1807 5420 1885 5478 ad
1913 5421 2098 5494 pedes

442 5507 572 5598 eius
593 5506 820 5575 proruit
842 5509 1279 5588 monachorum
1318 5508 1708 5581 phalangula,
1764 5511 2096 5584 deprecans

537 5589 833 5671 acciperet
859 5595 920 5652 in
949 5595 1230 5656 charitate
1264 5600 1360 5652 Dei
1393 5597 1604 5669 diaria,
1635 5600 1769 5656 vitae
1812 5617 2096 5673 corpora,-

439 5679 512 5766 iig
543 5674 768 5766 scilicet
785 5679 1026 5764 cibaria.
1059 5683 1308 5760 Abbatis
1328 5702 1472 5772 vero
1522 5688 2094 5768 contradictionibus

2217 3195 2662 3272 adimplebitur.
2697 3199 2932 3263 Verum,
2962 3197 3252 3270 quoniam
3309 3196 3735 3270 omnipotentis
3782 3197 3884 3254 Dei

2216 3285 2504 3345 voluntati
2527 3302 2648 3342 non
2676 3285 2905 3351 debetis
2934 3287 3222 3354 resistere,
3273 3291 3331 3347 et
3357 3303 3565 3350 meum
3615 3285 3890 3364 prOposi-

2216 3379 2340 3433 tum
2373 3373 2630 3430 refutare
2665 3393 2678 3442 ;
2710 3390 2923 3446 precor
2971 3391 3080 3430 vos
3112 3380 3174 3430 ut
3199 3375 3460 3432 consiliis
3493 3373 3642 3430 meis
3681 3373 3886 3432 favea—

2213 3462 2308 3530 tis,
2341 3468 2397 3520 et
2417 3463 2728 3536 quomodo
2767 3463 3176 3536 humanarum
3223 3480 3425 3529 rerum
3469 3479 3600 3520 sors
3629 3479 3690 3520 se
3734 3463 3887 3534 forte

2213 3541 2455 3626 habeat,
2487 3549 2678 3606 ﬁlium
2710 3568 2914 3614 meum
2957 3553 3318 3618 Richardum
3345 3552 3564 3608 ducem
3588 3551 3760 3613 vobis
3787 3568 3886 3608 me

2214 3641 2526 3714 superstite
2559 3641 2808 3712 eligatis,
2860 3647 2918 3698 et
2945 3641 3273 3698 intentione
3313 3641 3722 3698 custodiendae
3746 3640 3887 3696 ﬁde-

2212 3729 2392 3784 litatis
2423 3734 2478 3786 et
2507 3729 2895 3800 militationis,
2924 3746 3143 3786 manus
3176 3735 3402 3789 vestras
3433 3730 3717 3792 manibus
3750 3731 3885 3801 ejus

2212 3818 2381 3894 detis.
2419 3838 2449 3871 ‹
2484 3819 2794 3895 Extemplo
2827 3835 2965 3876 cum
2997 3819 3422 3882 Northmannis
3471 3818 3738 3876 Britones
3765 3835 3885 3876 res-

2211 3907 2555 3980 ponderunt
2607 3905 2918 3969 Guillelmo
2968 3907 3234 3966 dicentes
3281 3927 3294 3964 :
3356 3930 3383 3956 ‹‹
3428 3907 3574 3966 Huic
3632 3907 3883 3967 consilio

2211 3997 2560 4077 annuimus,
2597 4002 2653 4056 et
2677 3997 2845 4071 quod
2869 4014 3042 4068 rogas
3091 3997 3342 4054 ﬁdeliter
3372 3997 3678 4056 faciemus.
3710 4015 3742 4054 ι
3775 3998 3886 4068 Igi-

2212 4089 2306 4155 tur
2335 4088 2623 4161 continuo
2657 4087 3050 4150 Northmanni
3077 4091 3134 4143 et
3189 4087 3458 4146 Britones
3487 4087 3882 4144 commenda-

2211 4179 2422 4230 verunt
2447 4191 2508 4231 se
2557 4175 2852 4234 Richardo
2907 4175 3245 4246 unanimes,
3297 4179 3670 4244 sacramento
3721 4191 3878 4232 verae

2209 4263 2350 4320 ﬁdei
2381 4263 2463 4320 illi
2495 4281 2558 4320 se
2589 4268 3028 4320 connectentes.
3086 4264 3436 4338 Guillelmus
3467 4280 3609 4322 vero
3641 4279 3876 4324 :erena-

2211 4352 2282 4412 tis
2319 4353 2700 4424 humoribus,
2749 4353 3165 4412 imbecillitatis
3209 4355 3425 4412 robore
3487 4353 3873 4421 confortatus,

2211 4441 2390 4514 coepit
2414 4441 2856 4510 convalescere,
2883 4447 2940 4498 et
2962 4443 3112 4515 quid
3163 4443 3310 4502 boni
3336 4447 3568 4516 poterat
3611 4442 3876 4516 quotidie

2211 4530 2409 4586 solerti
2435 4546 2582 4588 cura
2607 4547 2803 4600 agere.
2835 4532 3094 4600 Francia:
3126 4538 3330 4593 autem
3386 4531 3686 4606 principes
3731 4530 3876 4588 invi-

2209 4620 2320 4692 diae
2344 4619 2587 4698 pondus
2611 4625 2667 4676 et
2689 4619 2811 4676 odii
2841 4621 3112 4680 ferebant
3139 4622 3428 4680 adversus
3467 4620 3870 4687 Guillelmum,

2212 4708 2320 4764 sed
2344 4724 2467 4780 non
2499 4708 2808 4766 audebant
2835 4711 3149 4769 ostendere
3173 4709 3544 4773 malevolum
3563 4725 3686 4768 sum
3713 4709 3876 4778 cogi-

2210 4797 2447 4876 tationis
2472 4799 2870 4875 propositum.
2902 4801 3180 4860 Attamen
3211 4801 3478 4862 hortator
3508 4803 3564 4856 et
3599 4798 3656 4860 in
3670 4814 3874 4870 censor

2211 4886 2504 4954 scelerum
2535 4886 2746 4948 effudit
2772 4889 2936 4946 virus
2971 4906 3091 4949 suae
3151 4887 3488 4958 calliditatis
3547 4903 3652 4962 per
3689 4887 3874 4946 corda

2207 4976 2510 5044 malorum
2536 4977 2877 5048 hominum,
2911 4979 3184 5050 gaudens
3204 4977 3265 5034 in
3285 4978 3461 5050 pejus
3487 4975 3651 5036 abire
3683 4991 3872 5054 genus

2207 5067 2546 5136 hominum,
2577 5083 2652 5126 ne
2683 5069 2873 5144 possit
2897 5072 3164 5140 repetere
3208 5066 3454 5133 hortum
3500 5063 3868 5128 deliciarum.

2209 5156 2498 5223 Quocirca
2551 5158 2826 5224 excitavit
2879 5157 3040 5228 odia,
3099 5169 3486 5212 commovens
3533 5153 3871 5226 jurgiorum

2205 5245 2502 5315 incendia,
2582 5247 2868 5320 pacisque
2941 5245 3213 5302 Ecclesiae
3287 5243 3550 5311 turbavit
3623 5243 3868 5317 foedera,

2203 5334 2655 5392 firmamentum
2704 5336 2834 5408 ejus
2890 5335 3124 5412 quoties
3189 5333 3508 5394 formidine
3552 5333 3862 5408 impressa.

2203 5423 2385 5481 Rabie
2417 5423 2713 5498 siquidem
2742 5423 3104 5496 cupiditatis,
3161 5423 3436 5481 accendit
3466 5422 3861 5501 plurimorum

2202 5513 2408 5584 corda,
2470 5531 2544 5572 ne
2591 5513 3047 5581 recordarentur
3087 5513 3458 5586 judiciorum
3497 5512 3616 5580 Dei,
3672 5527 3859 5586 neque

2201 5607 2400 5661 mente
2429 5609 2738 5662 cernerent
2759 5621 2848 5670 ea.
2886 5605 3278 5663 Dissemiuato
3298 5605 3498 5676 itaque
3529 5618 3636 5676 per
3683 5618 3860 5664 mem-

2199 5690 2313 5768 bra,
2371 5692 2596 5768 diaboli
2653 5694 2914 5774 graviter
2962 5695 3080 5770 hoc
3135 5710 3390 5768 veneno,
3444 5691 3767 5774 hostili,un
3796 5706 3861 5754 re
