3968 6372
110 242 214 291 677‘

606 233 693 286 DE
739 234 975 289 GESTIS
1018 233 1453 289 NORMANNIJE
1498 231 1737 288 DUCUM
1782 231 1971 287 LIBRI
2012 233 2205 291 TRES.
2234 263 2299 272 -—
2335 236 2458 297 LIB.
2504 237 2590 297 III.
2637 237 3062 293 WILLELMUS.

3442 242 3543 297 678

110 362 208 417 bie
236 359 431 424 magis
462 374 529 411 ac
558 358 750 420 magis
774 358 1086 413 crudeliter
1119 363 1448 422 grassante,
1474 356 1773 427 atqueini-
1806 360 1850 410 Α
1889 356 2409 415 Constantinenses
2431 358 3097 429 invaserunt,castrum,
3132 367 3193 416 ut
3215 361 3339 433 lupi
3356 378 3545 433 agnos

109 450 339 521 quitate
372 462 695 517 pravorum
722 447 989 516 nequiter
1017 447 1501 518 praevalescente,
1526 445 1777 515 aequitas

113 539 292 594 totius
320 535 487 601 regni
511 529 967 605 profanal‘nitur,
997 536 1297 606 debitique
1323 536 1565 589 honoris
1588 534 1778 603 gradu

109 628 315 698 plures
347 624 515 693 ejecti
548 624 711 677 abre
765 624 1173 694 privabantur.
1233 626 1562 694 Quaproter
1624 623 1778 693 prin-

107 734 255 787 ceps
286 715 538 787 quidam
570 714 811 766 nomine
847 714 1213 785 Arnulphus,
1262 713 1639 766 Flandrensis
1693 728 1776 764 re-

107 806 305 869 gionis
339 802 605 858 inarehio
632 802 1085 865 famosissimus,
1123 803 1300 871 hujus
1316 801 1779 871 venenisqnalo-

106 912 169 947 re
201 894 508 965 profusius
538 892 811 957 infectus,
848 891 1089 945 abstulit
1120 891 1397 945 Herluino
1433 890 1628 943 comiti
1655 907 1779 942 cas-

106 991 269 1039 trum
300 982 604 1039 Mosterioli
635 981 737 1051 qui
764 980 995 1035 dicitur.
1033 981 1125 1033 lllc
1154 998 1293 1034 vero
1330 980 1471 1034 tanti
1534 980 1777 1033 honoris

106 1074 381 1145 privatus
414 1078 630 1131 castro,
670 1070 936 1137 Itngonis
972 1071 1335 1124 Francorum
1366 1070 1535 1122 ducis
1570 1070 1772 1122 sutl'ra-

108 1163 279 1232 gium
307 1160 547 1232 expetiit
578 1176 757 1213 cursu
792 1159 1123 1223 celerrimo,
1161 1165 1221 1213 ut
1251 1159 1594 1213 subveniret
1637 1159 1689 1212 ei
1720 1158 1777 1213 in

106 1251 502 1321 adiutorium,
558 1252 701 1319 quia
756 1253 876 1302 erat
936 1250 1064 1315 ejus
1120 1264 1320 1301 eomes
1382 1254 1559 1317 atque
1612 1248 1778 1301 miles

108 1344 429 1412 promptus
456 1340 517 1392 in
551 1338 715 1392 omni
746 1338 1002 1391 servitio.
1040 1344 1229 1401 Quem
1266 1340 1430 1404 [iugo
1471 1337 1594 1389 dux
1655 1352 1776 1390 non

104 1436 463 1493 reverenter,
492 1432 555 1481 ut
578 1426 781 1481 solitus
815 1432 957 1488 erat,
994 1426 1255 1495 suscepit.
1281 1443 1291 1477 :
1321 1426 1423 1479 sed
1457 1426 1515 1479 in
1574 1426 1774 1495 parili-

106 1525 226 1573 tate
250 1533 500 1572 suorum
534 1516 794 1569 tironum
822 1514 1185 1579 negligenter
1218 1515 1419 1568 tenuit.
1462 1514 1773 1568 Herluinus

104 1623 269 1674 vero,
300 1620 538 1669 magnae
564 1590 929 1657 neocssitatis
954 1602 1281 1661 indigentia
1328 1602 1605 1673 repletus,
1642 1618 1773 1673 pro-

112 1694 479 1766 sequebatur
508 1692 771 1763 quotidie
802 1692 1115 1755 Ilugonem
1149 1695 1504 1744 Francorum
1535 1691 1772 1761 ducem,
1808 1705 1849 1763 Β

112 1792 175 1838 ut
200 1780 707 1837 succurrerctsibi
756 1781 1088 1850 deprecans
1122 1780 1341 1833 ereln'is
1383 1780 1772 1834 orationibus.

110 1872 396 1926 Difﬁdens
427 1876 628 1924 autem
662 1869 815 1922 illitis
857 1868 1047 1922 solatii
1082 1874 1135 1921 et
1168 1886 1414 1922 cernens
1448 1887 1507 1921 se
1540 1868 1777 1922 destitu-

106 1967 238 2016 tum
272 1962 399 2030 ejus
423 1958 701 2027 adjutorii
737 1958 1086 2029 patreeinio,
1124 1974 1446 2025 aggressus
1487 1963 1577 2011 est
1625 1959 1777 2011 Guil-

106 2052 357 2105 lelmum
420 2050 966 2103 Northmannorum
1036 2048 1461 2117 Bl‘liOIlllllltIlle
1536 2047 1773 2109 ducem,

106 2158 293 2195 causa
320 2137 615 2209 praecripti
648 2136 891 2203 negotii,
921 2141 973 2189 et
1010 2141 1067 2189 ut
1101 2136 1410 2203 adjuvaret
1442 2152 1503 2189 se
1548 2136 1623 2189 ad
1684 2152 1779 2207 pe-

106 2230 216 2282 des
250 2228 381 2296 ejus
398 2225 670 2297 procidit.
696 2230 881 2288 Qiiem
912 2224 1255 2277 Huillelmus
1285 2241 1422 2277 cum
1452 2224 1779 2277 honoritico

109 2320 411 2386 apparatu
452 2312 731 2383 pl'fPCBpIt
784 2312 1091 2381 hospitari,
1154 2317 1209 2364 et
1260 2329 1394 2381 quzr
1448 2313 1780 2366 necessaria

111 2409 303 2466 erant,
330 2420 468 2457 cum
493 2418 715 2455 mauno
745 2401 903 2455 cultu
937 2402 1085 2454 dari.
1111 2402 1389 2471 Sequenti
1414 2402 1505 2455 die
1538 2403 1779 2457 veniens

117 2494 431 2549 Herluinus
450 2498 585 2545 ante
615 2492 831 2544 ducem
858 2491 1255 2545 (inillelmum.
1286 2492 1655 2545 multimodis
1684 2510 1783 2563 pe-

114 2581 427 2637 titionibus
456 2580 794 2650 requirebat
820 2579 1162 2649 simpliciter
1207 2579 1333 2647 ejus
1391 2580 1776 2648 adjutorium.

116 2680 306 2731 Quem
340 2668 663 2723 consolans
688 2670 809 2721 dux
842 2668 1187 2721 Guillelmus
1238 2668 1615 2738 respondisse
1674 2669 1781 2722 fer-

114 2767 214 2815 tur
250 2776 262 2812 :
295 2782 321 2806 ‹‹
362 2762 474 2813 Cur
508 2760 674 2825 Hugo
705 2758 824 2809 dux
859 2760 1219 2809 Francorum
1256 2757 1454 2809 senior
1487 2762 1621 2810 tuus
1646 2761 1696 2810 te
1722 2762 1783 2811 ut

117 2866 180 2903 se
214 2864 335 2903 non
363 2846 704 2901 consolatur
722 2846 746 2897 ’ἰ
775 2850 829 2897 et
858 2860 1043 2915 quare
1094 2843 1456 2897 calamitOsa:
1512 2845 1783 2914 perditio-

117 2938 211 2991 nis
245 2942 357 2989 tuae
388 2951 511 2989 non
543 2933 737 3004 explet
767 2932 1103 2986 necessaria
1138 2934 1161 2985 1’
1189 2931 1275 2985 Ad
1302 2949 1435 2985 eum
1471 2933 1641 2987 citius
1691 2949 1781 2986 re—

118 3026 387 3095 gredere,
423 3027 478 3077 et
511 3022 557 3075 si
593 3028 643 3075 te
673 3038 941 3091 unquam
975 3021 1262 3088 adjuvare
1300 3021 1545 3074 voluerit
1579 3021 1783 3075 multis

117 3112 645 3186 deprecationibus
677 3110 941 3181 experire
971 3127 983 3175 ;
1014 3114 1067 3162 et
1090 3109 1133 3161 si
1176 3110 1479 3180 quispiam
1512 3110 1612 3163 tibi
1661 3128 1786 3165 suc-

120 3204 389 3269 currerit,
416 3203 463 3255 si
492 3202 694 3256 animo
719 3201 864 3254 ferat
903 3216 1077 3265 reare.
1116 3224 1140 3245 ››
1191 3200 1513 3254 Confestim
1562 3200 1784 3254 Herlui-

120 3312 236 3349 nus
263 3292 343 3346 ad
376 3292 689 3357 Hugonem
712 3289 929 3342 ducem
953 3304 1241 3351 reversus,
1276 3288 1612 3359 inquirebat
1644 3307 1785 3361 sup-

125 3385 259 3455 plex
292 3382 340 3435 si
371 3398 431 3434 se
457 3380 714 3449 juvaret,
749 3379 949 3432 multis
982 3379 1519 3448 jn'osecutionibus.
1549 3380 1650 3433 (fui
1685 3380 1787 3433 ob-

122 3475 260 3528 nixe
285 3470 505 3543 petenti
533 3469 655 3522 dux
690 3472 854 3536 ilugo
885 3466 1079 3521 intulit
1114 3484 1125 3519 :
1156 3490 1179 3519 α
1219 3470 1337 3533 Ιίμο
1369 3473 1423 3521 ct
1445 3469 1789 3540 Arnulphus

124 3562 455 3632 conjuratre
490 3558 763 3612 amicitiae
796 3557 1047 3611 intricati
1087 3558 1305 3627 copula
1332 3558 1613 3611 nolumus
1647 3576 1789 3613 con-

127 3651 347 3707 cordiae
380 3654 436 3704 et
463 3647 815 3712 dilectionis,
874 3652 1053 3716 atque
1111 3648 1522 3715 eompetentize
1574 3652 1789 3701 nostrae

126 3746 373 3813 propter
405 3744 456 3792 te
480 3737 749 3791 scindere
782 3735 1037 3789 vincula.
1074 3760 1095 3781 η
1134 3736 1320 3802 Hujus
1352 3737 1679 3806 desperatae
1712 3753 1795 3789 re-

126 3827 471 3902 sponsionis
498 3826 703 3894 verbo,
739 3830 933 3879 mente
967 3830 1249 3887 mutatus,
1313 3826 1572 3891 Hugonis
1624 3825 1795 3879 ducis

126 3916 445 3974 subintulit
472 3915 781 3969 Herluinus
816 3930 827 3966 :
863 3938 887 3961 «‹
917 3914 1209 3977 Quoniam
1252 3914 1497 3983 quidem
1547 3914 1797 3968 necessi-

128 4008 231 4062 tati
288 4021 438 4060 meas
495 4019 859 4067 succurrere,
915 4008 976 4056 ut
1048 4001 1365 4067 decuisset,
1446 4002 1797 4057 nullomodo

130 4102 374 4155 aestuas,
429 4092 598 4147 decet
650 4098 725 4159 te,
796 4097 858 4146 ut
934 4091 983 4145 si
1065 4091 1199 4161 quis
1270 4091 1415 4145 mihi
1488 4092 1801 4147 auxilietur

128 4202 255 4241 non
288 4183 533 4238 moleste
566 4182 743 4235 feras.
781 4204 806 4229 »
842 4183 988 4235 Tum
1040 4180 1210 4248 Hugo
1262 4180 1383 4234 dux
1437 4184 1799 4236 Francorum

134 4280 463 4331 autumans
494 4288 633 4326 eum
675 4271 872 4325 omnis
930 4270 1240 4325 solaminis
1286 4271 1467 4326 tutela
1498 4288 1625 4326 esse
1684 4272 1799 4344 pri-

137 4371 366 4427 vatum,
400 4362 595 4434 inquit
627 4379 639 4415 :
677 4384 702 4409 1(
734 4360 1013 4431 Quisquis
1048 4360 1149 4414 tibi
1177 4360 1467 4415 auxilium
1492 4362 1781 4432 prtebebit

136 4470 261 4509 non
296 4450 443 4506 mihi
474 4450 727 4519 injurias
759 4450 882 4503 erit.
922 4472 947 4497 ››
982 4448 1223 4519 Expleto
1255 4448 1433 4517 igitur
1476 4450 1657 4521 hujus
1708 4451 1804 4504 dc-

139 4541 452 4598 solationis
486 4541 690 4607 verbo,
738 4539 1052 4593 Herluinus
1081 4539 1155 4593 ad
1179 4538 1556 4594 Guillelmum
1587 4540 1805 4595 ducem

138 4631 450 4695 remeavit,
484 4634 540 4684 et
584 4628 879 4700 quidquid
938 4629 1119 4697 hujus
1167 4628 1247 4681 rei
1301 4629 1590 4696 audierat,
1652 4629 1806 4683 Guil-

140 4723 322 4777 lelmo
375 4720 707 4788 diligenter,
740 4734 1035 4789 proruens
1062 4718 1315 4789 pedibus
1372 4720 1520 4788 ejus,
1576 4719 1807 4774 intima-

142 4812 245 4865 vit.
305 4809 463 4864 Illico
505 4808 851 4863 Guillelmus
884 4824 1127 4862 omnem
1168 4807 1479 4861 Britanniae
1526 4812 1809 4862 i\'orman-

141 4899 379 4969 nieeque
409 4897 733 4953 exercitum
774 4896 1000 4959 ascivit,
1063 4901 1117 4950 et
1177 4912 1284 4966 pro
1330 4896 1681 4967 priejudicio
1710 4902 1811 4951 Ar-

141 4987 356 5058 nulphi
410 4985 788 5041 Flandrensis
820 4985 1011 5053 ducis,
1063 4984 1139 5037 ad
1199 4984 1614 5052 adjuvandum
1674 4989 1810 5039 Her-

140 5077 379 5131 luinum
414 5075 725 5130 festinavit.
752 5078 1024 5145 (Eumque
1056 5089 1241 5144 prope
1275 5078 1539 5126 castrum
1586 5076 1812 5129 Monas-

146 5164 331 5219 terioli
356 5164 614 5229 adesset,
644 5163 824 5234 idque
858 5162 1280 5234 superviderct,
1316 5161 1549 5215 vocavit
1604 5165 1666 5215 ut
1719 5178 1811 5215 ve-

144 5256 342 5310 nirent
364 5253 443 5309 ad
471 5270 531 5307 se
557 5254 1111 5321 Constantinenses,
1130 5251 1350 5321 quibus
1369 5251 1478 5305 ait:
1514 5273 1540 5298 ‹‹
1561 5250 1617 5307 Si
1634 5251 1812 5323 primi

142 5344 336 5411 gratia
357 5358 496 5397 mea
517 5342 861 5413 militiaeque
880 5342 1105 5413 palma,
1128 5342 1474 5412 majoreque
1493 5342 1737 5405 honore,
1759 5345 1814 5396 et

146 5431 545 5503 praecellentis,
570 5430 631 5485 in
652 5432 835 5485 domo
864 5446 1001 5485 mea
1020 5429 1133 5483 frui
1166 5429 1366 5497 vultis,
1392 5430 1561 5500 palos
1584 5430 1656 5485 de
1683 5430 1811 5485 Val-

144 5516 202 5571 lo
224 5513 623 5573 Monasterioli
683 5514 859 5573 castri
905 5514 1115 5570 aﬂ‘erre
1166 5514 1311 5571 mihi
1356 5530 1475 5569 non
1508 5514 1811 5580 differens,

148 5600 581 5670 obstantesque
610 5599 802 5665 nobis,
850 5604 1238 5669 castrumque
1268 5603 1555 5665 tenentes,
1607 5604 1815 5669 captos

150 5684 298 5743 mihi
325 5683 667 5747 adducens.
700 5705 727 5734 ››
760 5686 889 5741 Mox
917 5684 1098 5752 hujus
1142 5683 1569 5740 exhortationis
1625 5683 1811 5745 verbo

1788 4406 1800 4430 ’
1834 4406 1876 4458 D

1890 447 2223 513 unanimes,
2303 449 2711 521 diripiuntque
2760 456 2815 507 et
2866 451 3211 519 defecerunt
3260 458 3545 522 castrum,

1888 542 2023 590 ante
2047 537 2423 595 Gnillelmum
2462 540 2634 610 palos
2661 539 2815 595 muri
2852 539 3255 610 deportantes,
3311 547 3547 613 captos-

1888 642 2005 696 que
2035 626 2209 683 simul
2239 628 2629 683 adducentes.
2664 630 2916 686 Castelto
2972 648 3114 691 vero
3150 632 3549 691 Monasterioli

1889 715 2083 780 capto,
2126 712 2534 783 pestiferzeque
2590 714 2893 769 seditionis
2956 732 3262 779 murmure
3318 717 3543 771 sedato.

1888 800 2207 869 prandium
2240 802 2351 856 sibi
2384 802 2535 857 infra
2571 803 2747 870 jussit
2805 804 3149 861 Guillelmus
3199 805 3546 877 praeparari,

1888 888 2309 959 regalibusque
2342 890 2501 952 gazis
2534 891 2641 945 sibi
2688 892 2967 951 Herluino
3006 892 3255 956 illatore,
3312 892 3549 961 honori-

1888 976 1995 1045 fice
2025 976 2446 1035 iltIillIIlIStl'itl'l.
2486 979 2744 1050 tipulans
2777 980 2899 1045 dux
2931 980 3274 1035 Guillelmus
3305 980 3364 1045 in
3418 998 3548 1036 cas-

1888 1070 1997 1130 tro,
2031 1066 2176 1119 dixit
2205 1067 2450 1137 dapium
2477 1068 2689 1123 illatori
2720 1069 2920 1133 comiti
2960 1070 3235 1135 Herluino
3270 1088 3280 1124 :
3318 1094 3343 1119 ‹‹
3404 1074 3545 1133 Ecce

1888 1155 1991 1210 tibi
2019 1156 2205 1211 reddo
2237 1163 2519 1223 castrum,
2544 1159 2708 1228 quod
2743 1159 2844 1214 tibi
2871 1159 3089 1229 injuste
3134 1158 3377 1219 abstulit
3425 1159 3547 1213 dux

1893 1245 2363 1303 Flandrcnsium.
2402 1266 2430 1299 ›
2467 1250 2527 1301 Et
2561 1247 2868 1303 Herluinus
2903 1266 2914 1301 :
2953 1272 2977 1296 ‹‹
3016 1248 3280 1311 nomine,
3310 1264 3431 1315 non
3463 1264 3547 1309 re-

1889 1334 2107 1406 cipiam
2135 1335 2247 1388 hoc
2280 1340 2568 1397 castrum,
2602 1336 2741 1407 quia
2773 1353 3007 1408 nequeo
3067 1338 3382 1401 custodire,
3436 1352 3545 1407 nec

1889 1424 2035 1479 tueri
2062 1423 2207 1481 illud
2235 1431 2441 1483 contra
2466 1425 2682 1485 ducem
2710 1426 3106 1497 Arnulphum.
3150 1450 3175 1474 ››
3208 1430 3366 1482 Tunc
3420 1426 3544 1498 pie-

1888 1518 2003 1569 tate
2036 1520 2257 1579 motus,
2286 1515 2434 1571 dixit
2466 1515 2743 1570 Herluino
2799 1516 2922 1570 dux
2972 1516 3351 1571 tiuillelmus:
3386 1537 3411 1564 ‹‹
3470 1518 3544 1581 Te

1889 1604 2232 1658 auxiliando
2258 1610 2588 1674 protegam,
2616 1611 2666 1660 te
2695 1605 3045 1675 adjuvando
3070 1610 3123 1659 et
3146 1603 3543 1668 custodiendo

1887 1692 2228 1746 defendam.
2261 1693 2415 1747 Istud
2446 1692 2657 1748 iterum
2692 1694 3013 1748 reficiendo
3046 1698 3411 1758 construam,
3442 1692 3543 1749 tibi

1886 1787 2150 1836 castrum
2182 1782 2740 1851 incxpugnabilium
2788 1782 3062 1852 preesidio
3110 1782 3355 1839 turrium
3404 1798 3544 1853 pra!-

1886 1871 2205 1935 mnnitum,
2226 1870 2485 1932 valliuue
2506 1871 2866 1925 firmitudine
2891 1887 2997 1929 ncc
3020 1871 3404 1941 capiendum,
3436 1885 3545 1927 nec

1886 1959 2339 2025 destruendum,
2376 1960 2651 2019 frumenti
2690 1960 2927 2030 vinique
2960 1961 3133 2030 copia
3165 1960 3341 2030 pleno
3358 1974 3545 2017 cornu

1888 2050 2144 2120 replens,
2174 2050 2332 2103 istud
2362 2049 2632 2114 farciam,
2664 2055 2971 2120 totumque
2996 2049 3420 2105 reteditieando
3443 2047 3545 2109 tibi

1887 2138 2179 2194 muniam.
2217 2142 2259 2202 Ο
2294 2154 2645 2208 ioscumqne
2682 2138 2779 2192 tibi
2810 2137 3055 2205 elegeris
3079 2154 3349 2197 meorum
3395 2137 3550 2208 prin-

1890 2233 2114 2298 cipum,
2142 2227 2540 2282 morabuntur
2568 2232 2762 2282 tecum
2796 2227 2991 2297 stipati
3037 2226 3369 2297 frequentia
3418 2241 3550 2279 suo-

1888 2334 2023 2371 rum
2057 2316 2344 2371 lidelium.
2384 2316 2438 2371 Si
2478 2316 2763 2386 Arnulphi
2794 2316 3077 2381 ingruerit
3100 2324 3306 2371 contra
3336 2320 3386 2368 te
3432 2312 3551 2368 bel-

1889 2406 2035 2463 lum.
2068 2422 2179 2469 ego
2210 2421 2525 2459 succuram
2550 2404 2796 2458 celerius
2826 2403 2928 2463 tibi
2977 2421 3115 2459 cum
3172 2402 3548 2467 multitudine

1891 2511 2161 2549 mearum
2193 2494 2580 2547 exercituum.
2609 2494 2663 2549 Si
2688 2498 2886 2548 autem
2925 2496 3242 2562 sequestra:
3274 2490 3435 2561 pacis
3466 2490 3551 2561 in-

1890 2585 2098 2639 ducias
2134 2582 2421 2654 petiverit,
2453 2587 2793 2639 nostrorum
2812 2581 3058 2636 consilia
3092 2580 3357 2641 fidelium
3380 2578 3549 2643 dabi-

1893 2691 2027 2729 mus
2059 2673 2109 2726 ei
2139 2691 2149 2735 ;
2183 2672 2270 2727 sin
2300 2688 2438 2724 vero
2472 2670 2703 2726 interim
2729 2670 2955 2739 judicio
2973 2676 3028 2729 et
3051 2669 3275 2738 justitia
3297 2668 3546 2738 legeque

1897 2779 2109 2815 usurus
2138 2760 2335 2815 venire
2362 2759 2613 2813 voluerit
2640 2764 2843 2819 contra
2873 2775 2982 2819 nos
3015 2758 3091 2813 ad
3114 2757 3422 2828 placitum,
3457 2772 3549 2823 vc-

1892 2851 2127 2905 niemus
2158 2854 2399 2920 propter
2432 2853 2482 2901 te
2518 2853 2721 2905 contra
2756 2864 2893 2902 eum
2922 2845 3244 2915 judicaturi
3295 2860 3549 2913 censura

1894 2946 2258 2995 nostrorum.
2320 2937 2375 2990 Si
2418 2937 2641 3007 praedia
2700 2943 2811 2991 inae
2856 2935 3194 2999 hereditatis
3251 2935 3550 3002 obstinato

1896 3029 2071 3083 corde
2103 3025 2516 3086 devastaverit,
2552 3026 2832 3087 universa
2863 3042 2983 3078 suae
3034 3024 3274 3079 ditionis
3307 3023 3550 3091 congio-

1896 3120 2035 3173 bato
2066 3117 2321 3171 exercitu
2356 3115 2759 3170 cremabimns
2786 3115 2856 3169 ei.
2895 3114 3270 3169 Voluntarius
3304 3112 3407 3167 tibi
3454 3112 3554 3167 ad-

1897 3210 2053 3279 jutor
2086 3205 2439 3270 benevolus,
2470 3209 2675 3261 contra
2702 3204 3075 3263 adversarios
3108 3202 3209 3258 tibi
3256 3202 3553 3271 defensor,

1897 3298 2104 3352 docilis
2140 3302 2375 3351 tuarum
2407 3294 2951 3365 quierimonizn'um
2981 3293 3237 3355 auditor,
3299 3296 3554 3347 attentus

1898 3386 2248 3441 calamitatis
2283 3391 2393 3438 tute
2421 3383 2662 3448 solator,
2705 3382 2849 3453 quin
2885 3382 3064 3441 etiam
3095 3382 3394 3436 bonorum
3454 3378 3555 3435 tibi

1900 3476 2357 3543 congruentium
2389 3489 2562 3525 verus
2590 3471 2853 3537 largitor.
2890 3495 2917 3519 ››
2974 3470 3073 3523 His
3129 3469 3367 3537 auditis,
3414 3483 3558 3522 mox

1902 3558 2215 3613 Herluinus
2238 3556 2639 3628 prociditcum
2664 3554 2786 3609 suis
2804 3553 3082 3617 fidelibus
3105 3553 3179 3607 ad
3201 3552 3382 3623 pedes
3404 3552 3552 3621 ejus.

1902 3650 2106 3701 Castro
2139 3662 2274 3700 vero
2310 3644 2554 3698 firmiter
2584 3642 2880 3711 remunito
2936 3640 3234 3704 frumenti,
3294 3639 3554 3709 vinique,

1902 3744 2081 3807 atque
2113 3740 2415 3799 tergorum
2458 3748 2706 3785 suorum
2730 3731 3036 3785 affluentia
3066 3728 3424 3784 cumulatius
3465 3742 3557 3783 re-

1904 3824 2082 3895 pleto,
2114 3822 2260 3893 quin
2287 3821 2465 3876 etiam
2493 3820 2781 3875 militibus
2813 3808 3217 3891 praemaximis
3261 3815 3559 3871 sufﬁcien-

1907 3919 1989 3967 ter
2012 3914 2348 3977 honestato,
2381 3910 2725 3973 tiuillelmus
2749 3909 2919 3964 celeri
2945 3909 3211 3981 equitatu
3245 3924 3383 3963 cum
3439 3905 3562 3967 suis

1904 4020 2178 4058 reversus
2244 4002 2320 4059 ad
2364 4001 2582 4057 maenia
2638 4000 2798 4057 urbis
2859 3998 3373 4067 Rothomagensis.
3434 3999 3566 4065 Erat

1907 4099 2108 4147 autem
2162 4092 2321 4145 idem
2371 4092 2495 4147 dux
2543 4091 2602 4145 in
2661 4106 2934 4145 sermone
2995 4106 3188 4153 verus,
3234 4088 3295 4142 in
3338 4084 3565 4157 judicio

1908 4188 2221 4253 promptus
2254 4186 2309 4236 et
2333 4182 2548 4250 justus,
2580 4180 2641 4235 in
2674 4178 2969 4251 colloquio
3018 4175 3564 4243 mansuetissimus,

1909 4272 1969 4325 in
2001 4271 2450 4326 conversatione
2481 4269 2872 4325 humillimus.
2926 4267 3275 4336 Refulgebat
3323 4264 3567 4337 insuper

1911 4360 2090 4415 titulis
2115 4359 2387 4414 omnium
2418 4359 2743 4417 bonorum,
2778 4373 3038 4427 reusque
3062 4352 3397 4411 adornabat
3421 4356 3565 4405 stre-

1910 4466 2028 4504 nue
2055 4448 2463 4503 ecclesiarum.
2492 4450 2638 4503 Cum
2666 4451 2867 4501 autem
2898 4445 3141 4499 eniteret
3166 4439 3566 4511 augmentatis

1913 4538 2121 4593 studiis
2154 4536 2443 4591 universae
2474 4534 3095 4603 bonitatis,totamque
3113 4548 3218 4603 per
3235 4528 3563 4594 Franciam,

1912 4641 2137 4698 perque
2170 4629 2380 4679 caetera
2406 4639 2591 4689 regna
2619 4622 3013 4679 crebresceret
3042 4617 3359 4691 propalata
3405 4616 3568 4687 fama

1913 4714 2057 4770 tanti
2088 4712 2369 4779 hominis,
2398 4712 2679 4781 legesque
2710 4714 2765 4765 et
2793 4709 3030 4764 decreta
3052 4707 3362 4775 diligenter
3400 4720 3567 4773 exer-

1915 4808 2071 4859 ceret
2097 4803 2570 4863 orthodoxorum
2597 4804 2910 4863 auctorum
2942 4803 2998 4863 et
3049 4797 3141 4855 sui
3188 4795 3372 4869 patris
3406 4812 3417 4851 :
3471 4799 3571 4859 Ar-

1915 4893 2179 4965 nulplius
2213 4893 2335 4949 dux
2371 4889 2821 4948 Flandrensium
2845 4904 3028 4960 supra
3045 4890 3435 4954 memoratus,
3466 4899 3569 4951 vc-

1916 4999 2072 5037 neno
2103 4982 2355 5053 vipereae
2389 4979 2723 5035 calliditatis
2753 4978 3023 5049 nequiter
3063 4975 3342 5047 repletus,
3398 4977 3572 5039 aestu-

1916 5088 2032 5142 que
2064 5071 2375 5126 diabolicae
2408 5070 2632 5124 fraudis
2656 5068 2961 5123 exitialiter
2980 5066 3229 5132 illectus,
3260 5064 3571 5136 gentisque

1920 5160 2243 5215 Franciscaa
2274 5158 2659 5230 quorundam
2689 5156 3029 5228 principum
3088 5153 3344 5208 subdolo
3386 5151 3576 5207 consi-

1916 5248 1993 5303 lio
2022 5252 2076 5303 et
2097 5247 2463 5316 malignitate
2495 5246 2766 5301 atrociter
2792 5245 3156 5310 exhortatus,
3211 5242 3391 5315 accpit
3444 5257 3571 5307 mc-

1920 5337 2091 5392 dilari
2120 5342 2175 5391 et
2196 5341 2445 5391 tractare
2476 5335 2792 5399 lugubrem
2812 5336 3067 5388 mortem
3100 5332 3229 5403 ejus
3257 5331 3569 5391 Gnillclmi.

1922 5429 2105 5497 Hujus
2138 5426 2395 5498 pestiferi
2428 5425 2637 5479 veneni
2688 5424 3098 5480 inflammatus
3154 5422 3360 5488 livore,
3416 5421 3579 5493 misit

1918 5513 2143 5580 legatos
2173 5509 2564 5581 expeditionis
2589 5508 3152 5575 fraudulentissimus
3178 5508 3317 5561 duci
3345 5504 3575 5563 Guillel-

1924 5614 2043 5663 mo,
2076 5596 2179 5667 qui
2208 5596 2473 5650 dicerent
2501 5594 2563 5648 in
2589 5593 2729 5649 dolo
2756 5593 2986 5649 fraudis
3014 5591 3486 5659 nefandissimre,
3512 5588 3577 5647 ti-

1924 5680 2070 5737 delis
2092 5679 2416 5741 famulatus
2436 5680 2751 5752 chartaeque
2764 5678 3040 5751 amicitiae
3054 5678 3103 5749 si
3130 5676 3390 5759 recipere
3406 5672 3579 5743 vellet
