3878 6434
469 286 573 339 679

467 422 704 462 manus.
740 407 1007 476 Cumque
1029 402 1107 458 ad
1133 406 1325 458 essent
1356 406 1491 456 ante
1531 398 1928 465 Guillelmum,
1978 412 2113 469 pro-
2139 399 2187 452 A
2292 394 2639 467 Arnulpbus
2664 412 2804 452 vero
2834 396 3077 453 nefarias
3107 397 3446 456 dolositatis
3470 400 3683 458 livore
3727 402 3832 459 init

466 493 618 549 clivo
644 492 832 561 vultu,
864 491 1282 562 submissaque
1305 504 1451 544 voce
1478 486 1819 559 suppliciter
1847 484 2111 557 compel-

465 582 587 637 lare
618 580 815 636 verbis
845 578 1111 652 paciﬁcis
1141 582 1449 651 cmperunt
1485 592 1624 632 eum
1657 592 1669 629 :
1696 598 1721 625 ‹‹
1758 577 1968 630 Noster
2017 590 2110 629 se-

464 671 596 726 nior
620 668 983 739 Arnulphus,
1013 667 1218 722 ﬁdeles
1239 667 1340 721 tibi
1371 667 1431 721 in
1483 664 1710 720 Christo
1767 663 2107 719 famulatus.

465 757 676 813 Nolens
706 761 913 811 contra
947 761 997 811 te
1022 756 1292 825 jurgium
1320 753 1554 817 initiari,
1586 752 1730 825 petit
1760 750 2124 807 humillimis.

461 844 739 918 precibus
771 843 1030 916 spatium
1060 843 1225 914 pacis
1272 847 1607 914 sequestres.
1658 841 2014 911 lnterimque
2052 843 2107 894 te

461 933 539 988 ad
570 932 852 1004 placitum
885 935 1089 985 contra
1122 947 1182 985 se
1214 930 1432 997 venire,
1461 935 1514 985 et
1548 934 1651 984 tuo
1707 944 1911 983 amore
1970 930 2107 981 Her-

460 1020 645 1085 luino,
699 1036 832 1091 quae
853 1018 1100 1074 otl'endit
1127 1023 1332 1073 contra
1361 1034 1422 1072 se
1451 1016 1901 1077 vultdimittere,
1922 1029 2106 1085 seque

462 1110 510 1165 si
538 1110 730 1182 placet
760 1108 1025 1177 colligari
1055 1108 1157 1162 tibi
1179 1106 1492 1162 insolublis
1534 1105 1808 1162 amicitias
1867 1104 2101 1159 fasdere.

460 1200 731 1267 Podagra
760 1202 1091 1267 caeteraque
1123 1195 1460 1251 infirmitate
1499 1194 1783 1249 nimirum
1828 1192 2101 1257 afﬂictus,

460 1301 582 1341 non
632 1285 819 1341 ambit
869 1285 1094 1353 litigare
1139 1288 1344 1339 contra
1387 1298 1758 1355 quemquam
1823 1280 2100 1353 amplius.

460 1374 723 1430 Coerceri
774 1374 905 1443 lege
959 1374 1051 1429 vel
1108 1372 1430 1429 concordia
1478 1389 1620 1427 suos
1644 1372 1962 1435 desiderat,
1992 1385 2101 1441 pa-

457 1479 706 1534 cemque
729 1461 1001 1535 quandiu
1033 1468 1334 1535 superstes
1364 1467 1469 1528 est,
1503 1477 1678 1530 agere
1710 1460 1944 1515 festinat
1972 1474 2102 1513 mo-

455 1551 712 1606 narchiae
771 1555 886 1605 tum
947 1550 1186 1605 ditionis
1226 1555 1283 1605 et
1341 1566 1507 1616 sum;
1569 1549 1859 1621 quoniam
1920 1546 2103 1602 conti-

454 1655 576 1695 nuo
605 1644 661 1695 et
687 1639 939 1695 ﬁnitimo
968 1639 1153 1695 limite
1183 1644 1322 1694 sunt
1341 1654 1836 1710 annexaa,pacem
1859 1640 1915 1692 et
1958 1653 2101 1691 con-

453 1728 716 1784 cordiam
748 1728 899 1783 inter
932 1744 1041 1783 nos
1058 1733 1113 1783 et
1132 1733 1362 1783 vestros
1384 1728 1551 1783 decet
1599 1743 1746 1795 esse,
1784 1730 1848 1781 ut
1876 1725 2095 1781 talibus
2132 1743 2171 1798 Β

466 1816 836 1889 principibus
888 1816 1192 1886 gaudeant
1236 1816 1412 1872 vestri
1459 1815 1689 1883 incolae,
1744 1820 1802 1870 et
1830 1818 1895 1868 ut
1922 1829 2101 1868 nemo

452 1909 716 1960 vestrum
733 1909 1076 1960 nostrorum
1098 1904 1244 1976 praaj
1255 1904 1521 1959 udicium
1564 1902 1761 1971 faciat,
1784 1901 2101 1972 nullusque

455 1993 643 2048 nostri
712 1992 811 2047 ulli
890 1996 1219 2047 vestrorum
1272 1991 1512 2063 aliquod
1587 1990 1880 2047 damnum
1937 1989 1992 2043 vi
2045 1993 2102 2043 et

449 2085 738 2153 potestate
782 2080 1066 2153 impellat.
1124 2081 1251 2137 Sint
1301 2080 1630 2136 concordes
1694 2084 1751 2134 et
1778 2078 2098 2133 unanimes

449 2169 512 2224 in
561 2169 711 2238 lege,
766 2169 870 2241 qui
924 2174 1059 2225 sunt
1128 2169 1301 2224 vicini
1352 2169 1413 2223 in
1488 2168 1711 2223 telluris
1790 2166 2093 2222 afﬁnitate.

452 2257 579 2310 Dux
630 2261 808 2312 tantae
889 2256 1190 2322 bonitatis,
1241 2260 1539 2327 tantaeque
1592 2254 2093 2323 mansuetudinis,

449 2358 570 2398 non
650 2343 827 2399 debet
895 2343 1157 2399 abnuere
1238 2342 1586 2398 necessariae
1644 2348 1700 2397 et
1740 2347 2091 2414 opportuna:

448 2431 763 2503 petitioni;
823 2448 1032 2487 verum
1064 2432 1260 2487 favere
1305 2432 1526 2486 viribus
1574 2431 1821 2497 cunctis,
1872 2447 1944 2485 ne
2000 2447 2093 2484 res

445 2520 685 2593 publica
732 2519 1039 2575 annullata
1090 2524 1255 2575 tanta
1298 2518 1662 2591 praedatione
1717 2523 1772 2573 et
1826 2518 2089 2573 incendi-

443 2608 515 2677 is,
549 2608 784 2664 labatur
812 2607 1116 2663 exitialiter
1145 2608 1452 2680 pejoribus
1480 2607 1686 2662 ruinis.
1732 2610 1922 2679 Supra
1950 2607 2090 2662 satis

442 2698 602 2753 mala
626 2702 869 2766 urgente
892 2696 1011 2765 lite,
1055 2701 1483 2752 concreverunt
1532 2696 1754 2751 amodo
1810 2696 1870 2750 in
1918 2697 2089 2767 pejus

441 2786 711 2858 plurimm
743 2790 799 2841 et
826 2785 1089 2857 nequitia
1115 2790 1361 2855 cogente
1405 2784 1832 2857 praevalebunt.
1879 2784 2089 2839 Judica

439 2874 604 2947 quod
634 2874 847 2929 melius
876 2878 982 2943 est,
1043 2879 1147 2929 aut
1200 2874 1432 2929 bonum
1480 2873 1684 2928 rimari
1736 2878 1793 2928 et
1827 2878 2084 2944 patrare,

439 2968 543 3019 aut
567 2964 681 3017 hoc
706 2962 871 3033 quod
894 2966 1165 3017 creatura
1194 2978 1315 3017 non
1341 2966 1451 3029 est,
1471 2977 1675 3015 verum
1694 2960 1965 3016 absentia
1987 2960 2088 3016 bo-

1437 266 1739 335 DUDONIS
1778 274 2035 331 DEGANI
2075 272 2131 329 s.
2172 262 2478 338 QUINTlNl
2514 270 2894 331 VIROMAND.
3806 285 3832 337 ε

2221 486 2332 550 tus,
2365 484 2524 538 venit
2549 500 2727 556 super
2753 484 3014 541 Corbeias
3043 485 3307 543 rivulum
3339 504 3486 544 cum
3536 490 3677 546 suis
3709 507 3832 548 om;

2216 570 2351 636 bus,
2371 573 2647 645 misitque
2664 574 3095 631 internuntium
3112 574 3191 631 ad
3219 576 3443 633 ducem
3475 579 3832 637 Guillelmui

2216 656 2547 729 deprecans
2579 665 2785 716 contra
2815 676 2877 715 se
2906 660 3108 717 venire
3138 660 3330 733 illum,
3362 680 3574 738 usque
3637 666 3725 723 ad
3778 669 3832 725 Pi

2217 745 2581 813 chiniacum,
2604 752 2666 803 ut
2689 747 2913 805 ﬂuenta
2943 751 3215 805 Somenaa
3244 757 3448 807 essent
3468 753 3832 811 obstaculai

2215 838 2301 889 ter
2326 840 2645 908 utrumque
2675 837 3021 908 exercitum,
3049 854 3124 894 ne
3156 838 3307 895 forte
3337 847 3709 914 perpetrato
3737 860 3832 917 qut

2213 921 2571 979 decernebat
2593 924 2795 980 infelix
2827 926 2969 982 dolo
2999 942 3200 998 agere,
3222 927 3642 1001 impediretur
3671 950 3711 989 a
3734 937 3832 989 Νοι

2211 1011 2533 1068 hmannico
2558 1015 2818 1070 exercitu
2849 1017 3325 1088 superveniente.
3357 1020 3533 1076 Tunc
3568 1037 3722 1078 vero
3776 1022 3832 1077 dt

2214 1101 2576 1172 Guillelmus,
2600 1120 2895 1175 perversae
2923 1104 3256 1162 dolositatis
3283 1106 3593 1176 legationi
3618 1113 3832 1167 creden

2210 1190 2608 1263 precibusque
2630 1192 2835 1248 favens
2851 1194 3269 1264 fraudulentis,
3294 1212 3567 1255 suarum
3582 1199 3832 1270 legionu

2210 1280 2533 1335 exercitum
2559 1280 2675 1337 illic
2704 1281 2787 1337 ire
2817 1284 3028 1353 coegit.
3056 1286 3167 1340 Ast
3193 1285 3561 1359 Arnulphus
3596 1306 3784 1364 super
3807 1308 3832 1346 r

2210 1368 2493 1424 nuntiatis
2514 1369 2683 1425 laetus
2714 1374 2771 1425 et
2808 1370 3035 1439 hilaris,
3095 1387 3278 1445 super
3330 1374 3544 1447 ripam
3619 1380 3831 1434 Somen

2209 1457 2492 1525 ﬂuminis,
2527 1459 2620 1514 hic
2649 1460 3128 1531 martyrizandus
3157 1462 3305 1518 citra
3339 1481 3354 1531 ;
3383 1464 3489 1521 ille
3533 1466 3791 1524 dolosus
3826 1494 3832 1519 ς

2208 1541 2474 1613 perﬁdus
2502 1542 2655 1598 ultra
2680 1549 2931 1616 uterque
2952 1544 3189 1602 resedit.
3218 1548 3321 1602 Est
3350 1564 3643 1623 namque
3674 1551 3757 1607 ibi
3795 1553 3832 1607 iI

2210 1628 2339 1683 sula
2364 1630 2689 1700 puteulano
2718 1634 3101 1689 exaestuantis
3151 1636 3431 1692 Somena:
3482 1639 3729 1710 gurgite
3752 1641 3832 1696 hin

2208 1714 2345 1770 inde
2367 1722 2423 1772 et
2451 1718 2805 1775 altrinsecus
2835 1720 3226 1789 circumdata,
3248 1739 3444 1795 quam
3469 1728 3630 1798 petit
3653 1729 3830 1797 navigi

2208 1804 2550 1877 Arnulphus
2583 1824 2722 1863 cum
2750 1813 3010 1881 quatuor
3028 1809 3302 1882 perﬁdis,
3335 1813 3652 1872 simulans
3674 1833 3735 1873 se
3751 1833 3831 1871 cui

2209 1891 2517 1948 Guillelmo
2548 1894 2699 1950 duce
2730 1896 3109 1953 sanctissimo
3158 1901 3553 1958 concordari.
3619 1904 3831 1976 Misitqu

2207 1980 2284 2035 ad
2314 1981 2531 2037 ducem
2562 1982 2942 2039 Guillelmum
2967 1984 3027 2040 in
3059 1986 3200 2042 dolo
3226 1988 3433 2045 verbis
3475 1992 3773 2063 paciﬁcis,
3812 2008 3832 2046 υ

2208 2070 2427 2124 veniret
2450 2069 2587 2125 illuc
2619 2088 2757 2127 cum
2787 2073 3110 2130 duodecim
3140 2075 3438 2133 militibus
3469 2080 3633 2136 suis.
3671 2085 3831 2138 Trans

2204 2158 2490 2228 gredienti
2520 2175 2669 2216 nave
2699 2161 3011 2218 Guillelmo
3039 2180 3181 2219 cum
3212 2166 3558 2226 duodecim
3589 2172 3736 2243 suis,
3778 2186 3831 2225 ve

2203 2247 2287 2301 nit
2319 2247 2659 2320 Arnulphus
2692 2249 2906 2305 obvius
2935 2251 3307 2322 claudicans,
3329 2260 3394 2312 et
3408 2258 3720 2316 subnixus
3739 2260 3831 2315 duo

2200 2333 2317 2389 bus
2347 2337 2500 2402 suis;
2531 2340 2827 2413 coepitque
2868 2341 2948 2397 illi
2974 2342 3171 2399 dicere
3199 2345 3569 2405 simulando
3615 2356 3674 2407 et
3728 2351 3831 2406 deci

2201 2438 2339 2494 pere
2366 2440 2505 2480 eum
2534 2429 3049 2500 propositionibus
3103 2432 3473 2491 humillimis
3510 2454 3526 2491 :
3593 2461 3625 2487 «
3684 2440 3767 2495 Ad
3812 2446 3832 2493 δ

2201 2513 2372 2567 venio
2404 2515 2677 2587 supplex,
2708 2523 2770 2573 ut
2789 2534 2956 2575 meos
2987 2524 3247 2593 tuosque
3287 2525 3618 2595 concilies,
3678 2529 3831 2601 sicque

2386 2601 2625 2671 adjutor
2654 2605 2939 2662 adversus
2971 2625 3141 2665 meos
3190 2610 3480 2669 inﬁdeles
3517 2639 3547 2666 ››
3597 2618 3739 2691 quia
3763 2618 3831 2671 hue

2196 2689 2438 2779 militate
2472 2692 2754 2749 subactus
2783 2711 3020 2767 nequeo
3051 2697 3358 2756 dominari
3416 2708 3482 2759 et
3535 2689 3831 2779 opprimere

2195 2777 2375 2849 hujus
2402 2786 2567 2836 terras
2589 2782 2861 2839 rebelles.
2885 2786 3086 2841 Totius
3118 2788 3340 2845 etenim
3372 2777 3601 2849 Galliae
3629 2777 3831 2851 ‘monarl

2195 2868 2342 2923 cluas
2373 2869 2597 2925 salubri
2624 2872 2876 2928 concilio
2894 2873 3249 2943 dominaris,
3273 2878 3558 2954 ideoque
3580 2901 3757 2958 super
3774 2903 3827 2939 nx:

2195 2972 2480 3030 meosque
2504 2958 2628 3014 dux
2648 2963 2989 3019 etmarchio
3009 2964 3290 3022 desidero
3319 2973 3391 3025 ut
3411 2970 3729 3031 habearis.
3744 2977 3811 3029 Est

438 3050 656 3116 uitatis,
686 3049 990 3105 adhaerere
1015 3048 1318 3118 obscaena,
1354 3054 1411 3104 et
1457 3048 1739 3121 perﬁcere
1784 3049 2085 3104 nefandis-
2120 3085 2159 3139 Ω
2196 3045 2339 3100 mihi
2356 3045 2637 3103 defensor
2670 3054 2726 3105 et
2759 3050 3090 3109 advocatus
3125 3060 3341 3112 contra
3376 3060 3758 3119 Ludovicum
3780 3079 3824 3116 re

439 3140 594 3195 simo
624 3154 821 3210 opere.
858 3160 885 3187 ››
916 3137 1378 3193 Exsecrabilium
1407 3138 1587 3208 hujus
1610 3138 1942 3207 legatorum
1973 3138 2081 3194 do-

434 3227 681 3284 lositatis
709 3226 918 3281 fraude
964 3226 1249 3298 deceptus
1287 3225 1411 3280 dux
1466 3231 1802 3298 praepotens
1852 3226 2081 3281 Guillel-

435 3332 571 3371 mus
599 3314 745 3369 dixit
773 3312 1048 3369 Herluino
1075 3314 1274 3369 comiti
1304 3313 1583 3369 secretius
1617 3331 1629 3368 :
1694 3337 1718 3362 ‹‹
1772 3314 1918 3380 Quid
1976 3314 2081 3370 tibi

432 3405 665 3460 videtur
706 3404 995 3459 sententia
1042 3403 1221 3474 hujus
1270 3403 1689 3476 propositionis
1730 3408 1787 3459 et
1840 3404 2075 3472 legatio-

429 3494 582 3550 nis?»
619 3493 942 3565 Respondit
968 3492 1305 3548 Herluinus:
1328 3516 1355 3542 ‹‹
1381 3496 1583 3549 Horret
1613 3494 1850 3549 animus
1873 3510 1945 3550 ne
1972 3494 2077 3550 de-

428 3582 739 3655 cipiamur,
764 3597 909 3637 neve
941 3580 1288 3637 humillimis
1319 3580 1595 3654 precibus
1626 3582 1842 3637 horum
1882 3582 2073 3638 illida-

424 3689 579 3739 mur,
608 3687 868 3745 quorum
900 3670 1151 3743 perﬁdia
1199 3670 1369 3726 toties
1427 3670 1657 3744 decepti
1685 3688 1917 3727 sumus.
1951 3690 1981 3725 ›
2010 3675 2075 3728 Et

426 3760 768 3816 Guillelmus
798 3759 993 3814 ascitis
1023 3758 1246 3814 caeteris
1276 3759 1645 3832 principibus
1670 3777 1681 3814 :
1717 3780 1747 3813 ‹
1778 3761 2072 3825 Quoniam

422 3847 650 3904 labanti
672 3846 878 3903 activa:
901 3846 1030 3901 vitae
1056 3863 1234 3903 cursu
1265 3865 1359 3905 me
1383 3847 1670 3903 irretitum
1700 3848 2071 3922 contempla-

424 3935 560 3991 tiva
591 3935 722 3990 vitm
747 3934 1008 3990 claustro
1032 3936 1179 3991 velle
1210 3936 1590 4007 coangustari
1618 3953 1740 3992 non
1761 3937 2066 4009 ignoratis,

424 4023 593 4079 citius
618 4039 801 4096 quam
832 4023 1075 4096 potestis
1098 4041 1355 4097 usquam
1380 4029 1669 4081 terrarum
1696 4042 1933 4081 mecum
1964 4043 2067 4099 pa-

422 4128 550 4168 cem
584 4112 842 4181 struatis,
868 4112 1011 4185 quia
1039 4113 1272 4169 nullum
1298 4113 1720 4169 holocaustum
1750 4130 1944 4187 neque
1976 4134 2067 4173 sa-

419 4201 704 4257 criﬁcium
734 4206 855 4257 tam
885 4202 1248 4275 acceptabile
1274 4202 1439 4275 apud
1470 4204 1676 4274 Deum,
1722 4220 1909 4276 quam
1960 4222 2064 4278 pa-

417 4290 499 4346 cis
529 4290 982 4346 incrementum.
1020 4312 1047 4339 »
1078 4290 1169 4346 Ad
1211 4290 1557 4346 Herluinum
1607 4297 1807 4347 autem
1857 4293 2004 4349 dixit
2044 4311 2057 4349 :

418 4402 444 4427 α
477 4378 602 4435 Noli
631 4380 858 4445 timere,
886 4393 1081 4450 neque
1109 4378 1381 4443 turberis,
1411 4379 1554 4451 quia
1592 4395 1907 4453 nunquam
1944 4382 2061 4438 mei

412 4484 806 4540 meorumque
831 4465 1137 4522 solaminis
1160 4467 1490 4540 patrocinio
1511 4468 1895 4541 privaberis.»
1915 4474 2060 4527 Con-

412 4555 569 4612 sultu
600 4572 742 4626 ergo
773 4554 1117 4611 Guillelmus
1146 4556 1270 4611 dux
1296 4572 1543 4612 suorum
1573 4556 1862 4630 fidelium,
1895 4558 2061 4615 dedit

411 4645 719 4719 Arnulpho
749 4643 949 4699 comiti
988 4650 1357 4718 sequestram
1400 4661 1611 4718 pacem
1659 4647 1836 4702 trium
1895 4664 2056 4704 men-

2194 3148 2351 3203 gem,
2396 3135 2887 3211 Heribertumque
2932 3140 3269 3215 principem
3312 3151 3516 3218 atque
3562 3152 3823 3222 Hugoner.

2191 3224 2799 3315 prmpotentissimum
2824 3227 3063 3285 ducem.
3108 3233 3175 3286 Et
3229 3236 3531 3305 quandiu
3577 3250 3819 3315 superstet

2190 3309 2376 3378 fuero,
2392 3328 2493 3368 ero
2508 3313 2608 3369 tibi
2629 3314 2991 3378 tributarius.
3008 3319 3248 3393 meique
3262 3324 3550 3384 servient
3562 3309 3691 3399 tibi,
3706 3337 3757 3385 ut
3765 3328 3817 3383 de

2186 3400 2352 3490 mino
2368 3405 2758 3490 servus.Post
2781 3420 2932 3461 mete
2953 3407 3337 3466 resolutionis
3368 3428 3815 3490 excessum,po.~

2187 3488 2410 3544 sidebis
2463 3507 2612 3546 meae
2665 3492 2907 3550 ditionis
2956 3512 3235 3567 regnum.
3285 3502 3598 3563 Herluino
3644 3488 3811 3564 tuovco

2184 3576 2310 3632 miti
2323 3594 2458 3649 quae
2480 3586 2690 3636 contra
2700 3599 2798 3637 me
2815 3584 3064 3641 offendit
3076 3585 3427 3647 voluntarie
3443 3593 3808 3663 dimittam,el

2181 3682 2298 3739 que
2310 3668 2595 3739 pacificus
2611 3676 2668 3726 et
2696 3670 3024 3729 benevolus
3038 3676 3206 3732 omni
3228 3681 3527 3753 tempore
3542 3688 3787 3743 existant
3800 3718 3803 3727 -

2251 3757 2379 3810 Dux
2401 3773 2543 3815 vero
2562 3758 2905 3817 Guillelmus
2922 3768 3144 3835 putans
3161 3768 3332 3839 quod
3356 3773 3565 3831 corde
3581 3774 3804 3833 benevoli

2178 3849 2236 3900 et
2264 3844 2542 3917 perfecto,
2576 3846 2813 3922 ﬁdeque
2842 3850 3093 3920 integra,
3149 3869 3276 3910 non
3330 3861 3622 3930 perfidia
3664 3863 3800 3934 loqui

2175 3938 2357 4025 retur,
2405 3935 2742 4007 paciﬁcavit
2794 3938 3143 3996 Herluinum
3195 3959 3343 4000 cum
3381 3950 3798 4025 ιιι-Πωρὴορᾶ

2173 4021 2298 4078 ﬁdo
2355 4028 2411 4079 et
2454 4025 2575 4079 suis
2630 4026 2933 4083 omnibus.
2980 4032 3127 4087 Tota
3153 4031 3252 4088 die
3282 4049 3459 4105 pene
3526 4021 3794 4098 ductaim

2173 4111 2325 4165 rosis
2405 4112 2789 4187 ambagibus,
2861 4122 3160 4191 pactaque
3246 4136 3409 4193 pace
3477 4128 3568 4184 ab
3621 4138 3795 4199 utroqa

2172 4199 2460 4273 principe,
2512 4202 2821 4259 Guillelmo
2852 4205 3074 4262 scilicet
3100 4206 3241 4280 ﬁde,
3295 4216 3503 4285 atque
3546 4219 3631 4275 ab
3658 4214 3791 4275 Amr.

2170 4288 2314 4381 pho
2357 4290 2586 4381 perﬁdo
2638 4292 2816 4348 corde
2872 4309 3011 4350 cum
3065 4311 3103 4351 a
3155 4299 3395 4355 caeteris
3456 4308 3789 4381 principum

2169 4376 2514 4433 Guillelmus
2544 4396 2684 4435 cum
2712 4381 3035 4439 duodecim
3065 4387 3439 4460 regreditur,
3457 4374 3637 4453 —dato
3664 4374 3787 4453 {me

2166 4466 2495 4539 Arnulpho,
2529 4468 2825 4542 intratque
2856 4488 2994 4527 cum
3042 4474 3270 4544 remige
3325 4479 3626 4543 classem
3681 4486 3781 4541 sets

2164 4553 2485 4611 duodecim
2514 4558 2831 4614 comitibus
2860 4560 3047 4617 altera
3098 4567 3656 4632 antecedentibus.
3702 4578 3779 4629 Tua

2165 4642 2405 4736 liiricus,
2430 4644 2745 4736 Balzoque,
2769 4653 2825 4703 et
2842 4649 3176 4719 Rotbertus,
3206 4659 3403 4728 atque
3425 4663 3774 4736 Ridulfustc

409 4733 584 4800 sium,
618 4749 800 4806 seque
857 4733 935 4788 ad
991 4733 1445 4790 denominatum
1500 4735 1696 4790 venire
1750 4736 2058 4793 mandavit
2162 4730 2285 4796 ﬁdi,
2311 4740 2620 4804 coeperunt
2648 4734 2905 4793 subdola
2924 4738 3366 4814 reciprocaque
3393 4763 3572 4809 voce
3604 4730 3773 4809 dich

406 4821 711 4893 placitum.
741 4822 966 4877 Statuto
991 4821 1354 4877 imminentis
1378 4821 1578 4894 placiti
1609 4826 1875 4895 tempore
1902 4824 2055 4879 Guil-
2161 4817 2471 4907 Guillelmo
2499 4820 2659 4892 duci,
2719 4822 2925 4881 dolose
2977 4827 3109 4883 fari.
3158 4850 3187 4877 ι(
3218 4832 3527 4907 Domine,
3598 4844 3771 4907 Dow‘

402 4909 617 5003 lelmus
645 4911 769 4965 dux
795 4910 1289 5003 prtepotentissim
1300 4926 1366 4964 us
1383 4910 1676 5003 omnium,
1702 4894 2054 4968 convocavit
2158 4906 2419 4963 melioris
2445 4910 2893 5003 oonsiliiobliti,
2952 4920 3164 4988 torque
3217 4894 3630 5001 parumper,—

404 4999 951 5054 Northmannorum
984 4998 1406 5069 Britonumque
1436 4999 1780 5065 exercitum,
1808 5004 1864 5054 et
1909 5016 2050 5073 pro-
2158 5011 2314 5073 mur,
2344 4998 2569 5066 navim,
2592 5000 2737 5072 quia
2756 5002 3362 5079 volumustepaucis.
3401 4998 3637 5077 Noster
3656 4998 3761 5073 ita!

401 5086 586 5144 fectus
614 5092 702 5144 est
721 5087 798 5143 ad
827 5086 1295 5143 Ambianenscm
1336 5102 1529 5159 usque
1558 5103 1805 5160 pagum.
2156 5086 2377 5177 nequit
2392 5091 2446 5141 te
2469 5087 2729 5160 amplius
2759 5092 3027 5163 aggredi,
3059 5095 3206 5167 quia
3238 5101 3573 5177 podagra:
3618 5110 3761 5165 inﬁxi

1026 5190 1413 5232 APOSTROPHA-
2154 5177 2273 5229 tate
2299 5174 2414 5229 scis
2442 5192 2581 5232 eum
2603 5178 2873 5250 detineri,
2894 5182 3002 5237 sed
3033 5186 3292 5243 mandat
3324 5174 3656 5259 mirabile.
3682 5204 3755 5261 ρυμ

399 5263 664 5320 Nominis
693 5262 864 5318 eﬁ‘usi
894 5281 929 5319 a
959 5264 1207 5334 Christo,
1235 5263 1379 5332 dux,
1412 5267 1568 5318 tutor
1597 5268 1653 5319 et
1680 5268 1907 5331 auctor,
2154 5262 2371 5319 oblitus
2396 5270 2504 5328 est,
2536 5266 2660 5322 tibi.
2694 5290 2722 5317 »
2754 5272 2915 5325 Tunc
2946 5272 3304 5332 Guillelmus
3342 5280 3480 5341 ﬁde
3544 5289 3755 5344 integer!

642 5349 922 5451 indignus
952 5352 1190 5451 nullius,
1222 5352 1284 5407 ni
1308 5367 1563 5451 quoque.
1577 5352 1784 5408 Christi
1812 5370 1825 5420 ;
2152 5367 2309 5422 mus,
2332 5354 2701 5451 perﬁdorum
2731 5359 3073 5429 precatibus
3110 5364 3398 5425 crebrius
3465 5376 3750 5451 computa

397 5437 651 5531 llluneris
673 5438 890 5531 aetherii
915 5441 1379 5531 praedi-gnusque
1410 5440 1835 5497 emolumento.
1854 5525 1867 5531 _
1899 5525 1909 5531 _
2150 5444 2387 5513 torquet
2400 5443 2603 5497 navim
2620 5444 2888 5514 celerius,
2912 5449 3196 5523 venitque
3219 5454 3301 5509 ad
3326 5459 3559 5531 ripam
3594 5437 3749 5522 dum

396 5523 641 5611 Amittes
671 5522 1283 5611 mortemlugubrem,
1316 5541 1425 5597 pro
1448 5540 1571 5596 qua
1592 5525 1964 5596 properabis,
2148 5545 2458 5586 armorum
2487 5548 2729 5588 securus
2761 5535 2889 5592 sine
2919 5538 3065 5603 suis,
3096 5522 3242 5597 cum
3268 5546 3367 5602 eis
3389 5522 3747 5611 locuturus:

393 5609 561 5714 lineis
586 5613 895 5714 perpetuae
916 5610 1162 5714 dignam
1193 5612 1373 5714 vitam
1398 5613 1784 5714 inveniendo,
2145 5618 2225 5675 illi
2253 5618 2368 5673 sub
2391 5617 2633 5689 pellium
2658 5623 2919 5691 tegmine
2937 5626 3065 5695 jam
3086 5628 3391 5690 abconsis
3421 5609 3740 5714 quati—101'!

391 5699 603 5757 Palma
629 5696 898 5770 martyrii
923 5697 1200 5755 diadema
1229 5699 1448 5756 ferente
1478 5700 1747 5770 trophaai.
2143 5706 2432 5768 cronibus
2464 5706 2725 5765 celeriter
2748 5714 3048 5785 extractis,
3074 5715 3242 5776 rabie
