3878 6378
58 258 134 308 681
586 259 672 310 DE
704 258 941 314 GESTIS
972 259 1278 314 NORMANI

55 377 192 432 nium
233 379 573 449 nequissimo
620 381 786 434 celeri
821 381 1007 436 classe
1050 384 1383 448 transvecti,
1420 396 1650 452 suoque
1685 375 1730 424 Α
1768 368 1901 422 Vilis
1934 367 2039 422 50d
2063 367 2208 438 qUia
2238 370 2376 421 sunt
2399 365 2670 433 ﬁgmenti
2695 379 2842 419 V333
2868 363 3080 429 Ῑυΐοεᾶν

55 466 280 520 exercitui
307 468 535 535 annexi,
583 475 838 540 przepetc
871 471 1138 541 equitatu
1177 473 1484 543 potiuntur
1515 451 1654 535 fuga
1767 459 1836 512 Ut
1863 472 1994 511 ΓΘοΓ
2020 460 2122 511 ant
2150 455 2434 526 cuiquam
2463 453 2626 519 dare,
2661 469 2768 507 nec
2794 451 3014 507 Ῑίοίῖᾶΐθ
3043 451 3280 507 valebo-

53 554 194 625 lapsi.
219 557 580 610 Nortlunanni
606 575 744 612 vero
775 566 828 612 et
857 560 1122 614 Britones
1151 542 1338 615 morte
1368 556 1655 614 Guillelmi
1766 549 1981 600 Verum
2011 544 2303 600 littoribus
2333 542 2500 615 ponti
2531 542 2782 597 contrita
2804 542 3109 611 iacebunt.

55 643 128 697 sui
171 645 377 698 senioris
409 646 658 699 nimium
711 647 1016 717 lugubres,
1074 650 1275 704 ulcisci
1326 654 1659 721 praecplan-
1771 639 1868 690 Est
1897 635 2042 691 alias
2071 638 2278 707 Portus
2305 632 2537 687 diverso
2569 632 2696 701 (δίο)
2724 646 2919 685 merce
2949 630 3224 703 repletus,

56 738 141 797 tes,
167 750 431 804 nusquam
481 742 825 805 repererunt
855 737 1032 803 vada,
1066 739 1178 792 hac
1210 743 1265 793 et
1302 719 1434 793 illac
1467 719 1662 793 celeri-
1773 726 1901 790 0110
1932 723 2098 778 "ario
2128 721 2293 791 digni
2324 724 2665 775 mercantur
2695 719 2918 789 ΪΘΠΟΓΘ,
2952 723 3247 789 ευωριυε-

53 826 126 874 ter
152 822 528 878 discurrentes.
571 825 659 878 Sic
693 826 986 895 pretiosus
1016 827 1284 881 marchio
1319 828 1664 882 Guillelmus
1773 816 1900 879 QUO
1926 814 2101 868 datur
2130 810 2449 883 imperium
2481 808 2817 864 certaminis
2848 808 3341 874 emOlumemum:

54 912 290 982 testisque
349 913 556 966 Christi
619 913 1104 982 gloriosissimus,
1166 916 1316 970 felici
1379 918 1665 987 martyrio

51 1005 398 1055 consecratur.
445 1000 783 1073 Taliterque
839 1019 1091 1068 regnum
1145 1005 1453 1072 crelorum,
1502 1005 1666 1077 quod

49 1086 136 1140 diu
165 1089 488 1158 concupivit,
524 1090 796 1161 adeptus,
829 1091 1031 1145 vivens
1065 1091 1121 1144 in
1155 1093 1381 1147 Christo
1426 1093 1668 1148 feliciter

50 1183 341 1232 coronatur.
379 1179 685 1234 Perfusum
716 1180 940 1252 quippe
975 1182 1064 1235 sui
1097 1182 1322 1236 cruoris
1356 1199 1486 1237 rore
1512 1183 1666 1240 beati

49 1265 140 1319 viri
166 1283 352 1337 corpus
370 1269 553 1335 jacuit
581 1269 872 1324 exanime.
899 1273 1109 1325 Verum
1139 1272 1341 1327 anima
1364 1272 1423 1326 in
1452 1273 1668 1328 coitum

47 1355 114 1409 ab
155 1357 350 1423 angelis
381 1358 658 1423 deducta,
693 1359 842 1414 inter
873 1361 1087 1414 choros
1117 1362 1470 1424 angelorum
1503 1363 1670 1418 intes-

48 1444 343 1500 tiinabiliter
381 1452 468 1501 est
509 1447 814 1502 collocata.
866 1449 1152 1514 Quaedam
1202 1451 1354 1505 illico
1402 1451 1671 1523 phalanx

47 1532 246 1604 decepti
291 1539 338 1588 et
370 1537 728 1606 martyrisati
769 1537 1060 1592 Guillelmi
1093 1539 1348 1594 cucurrit
1397 1539 1476 1593 ad
1506 1555 1666 1605 eum,

47 1628 96 1676 et
121 1628 262 1678 trans
290 1625 474 1695 ripam
505 1626 767 1680 ﬂuminis
816 1629 1084 1682 Somenaa
1132 1629 1481 1684 altrinsecus
1531 1647 1670 1685 cum

47 1728 244 1780 magno
272 1715 483 1784 ejulatu
511 1731 663 1770 nave
691 1716 1046 1773 detulerunt.
1077 1719 1442 1790 lnquirentes
1469 1725 1669 1775 autem
1701 1726 1741 1778 Β

47 1802 346 1869 ingentibus
377 1806 648 1860 cordium
691 1807 958 1878 suspiriis
985 1825 1329 1880 magnoque
1359 1809 1672 1864 oculorum

47 1891 168 1945 tletu
212 1891 408 1948 livores
459 1895 607 1964 ejus,
661 1900 836 1966 atque
892 1895 1169 1952 deflendo
1218 1897 1676 1965 sanguinolenta

47 1980 373 2036 revolventes
403 1983 759 2038 vestimenta
800 1983 977 2049 illius,
1023 1991 1370 2055 repererunt
1398 1985 1681 2058 parvissi-

47 2085 191 2124 mam
221 2070 462 2126 clavium
494 2078 840 2139 argenteam
879 2073 1273 2146 depedentem
1306 2075 1364 2129 in
1413 2075 1678 2146 strophio

47 2157 357 2223 ,umborum
407 2160 555 2229 ejus.
608 2160 1050 2216 Sciscitantibus
1099 2162 1209 2217 illis
1260 2179 1296 2218 a
1343 2162 1680 2232 domigenis

47 2248 498 2319 quampluribus,
533 2250 704 2320 cujus
736 2251 816 2304 rei
850 2251 1037 2320 gratia
1063 2252 1345 2307 cinctorio
1373 2253 1553 2308 clavis
1580 2252 1680 2307 illa

48 2337 450 2408 lcpenderetur
495 2339 639 2407 (sic),
672 2339 979 2410 respondit
1009 2340 1258 2411 quidam
1289 2342 1676 2407 camerarius,

47 2431 376 2482 ;ccretorum
406 2428 535 2496 ejus
567 2428 844 2483 conscius
872 2446 883 2482 :
919 2451 946 2476 «
972 2433 1176 2484 Noster
1207 2431 1404 2485 senior
1449 2430 1681 2486 Guillel-

48 2533 163 2569 nus
192 2516 342 2570 vovit
379 2531 440 2570 se
470 2516 583 2570 hoc
613 2515 789 2570 labile
822 2517 1109 2571 saeculum
1157 2518 1596 2587 derelicturum,
1628 2522 1684 2572 et

47 2622 92 2659 ;e
122 2603 243 2658 ﬁeri
272 2609 401 2675 post
443 2605 554 2659 hoc
588 2605 780 2659 ﬂebile
812 2605 1095 2675 placitum
1141 2607 1439 2675 Gimegias
1470 2623 1680 2661 mona—

48 2696 226 2748 rhum.
259 2696 319 2747 Et
364 2693 489 2748 haec
521 2693 706 2748 clavis
755 2693 1009 2747 custodit
1040 2694 1100 2748 in
1142 2695 1409 2765 quodam
1443 2695 1680 2761 scrinio,

48 2789 83 2838 :t
107 2787 372 2845 coarctat,
397 2783 797 2838 monachilem
826 2783 1118 2847 habitum,
1140 2783 1356 2838 scilicet
1383 2784 1681 2839 cucullam

48 2878 84 2926 at
114 2872 349 2926 laneum
382 2889 732 2944 supparum.
766 2895 792 2920 »
829 2871 1032 2926 Statim
1063 2888 1205 2926 vero
1237 2888 1454 2944 corpus
1487 2889 1684 2927 sacro-

47 2965 299 3014 ;anctum
343 2960 552 3015 feretro
583 2961 855 3015 velociter
885 2959 1228 3031 impositum
1262 2966 1317 3014 et
1361 2962 1682 3016 Rothoma-

47 3048 198 3106 rensi
246 3047 370 3102 urbi
405 3065 540 3102 cum
573 3065 796 3116 magno
835 3048 1057 3118 ejulatu
1102 3048 1368 3103 delatum
1399 3049 1460 3103 in
1505 3049 1686 3104 eccle-
1715 3073 1758 3130 ρ

47 3139 178 3192 dam
216 3139 269 3191 Β.
291 3138 476 3192 Mariae
505 3137 801 3206 genitricis
828 3138 926 3192 Dei
950 3137 1275 3192 honorifice
1306 3137 1681 3209 sepelierunt.

51 3225 310 3280 Ionvenit
340 3225 516 3280 etiam
566 3226 761 3280 omnis
791 3241 941 3297 pene
970 3225 1276 3297 provincia
1304 3225 1514 3294 lugens
1545 3225 1686 3280 inef-

49 3314 190 3373 abili
239 3313 533 3379 mmstiﬁa,
581 3319 636 3369 et
684 3314 761 3369 ad
809 3315 990 3369 caelos
1044 3331 1231 3386 usque
1268 3315 1388 3370 alta
1418 3315 1689 3370 emittens

53 3403 304 3477 uspiria,
333 3403 478 3474 quin
509 3403 689 3458 etiam
739 3403 1050 3458 adducens
1097 3420 1300 3459 secum
1347 3404 1532 3459 ﬁlium
1565 3404 1692 3474 ejus

51 3492 386 3551 tichardum
443 3493 686 3547 nomine
745 3493 1035 3549 luctuosa.
1095 3496 1304 3563 Quem,
1369 3499 1694 3566 antequam

52 3584 383 3642 onderetur
414 3599 632 3654 corpus
665 3582 915 3646 tumulo,
946 3583 1214 3638 videntes
1247 3586 1612 3654 Berengerus
1641 3587 1697 3637 et

66 3674 314 3737 lannus,
344 3671 656 3742 caeterique
691 3670 969 3741 Britones,
995 3687 1229 3726 necnon
1261 3673 1697 3727 Northmanno-

53 3778 161 3816 um
194 3759 496 3832 principes
541 3760 816 3815 dixerunt
845 3759 1098 3814 nimium
1151 3759 1442 3829 ejulantes
1477 3778 1489 3814 :
1549 3782 1576 3808 «
1604 3762 1700 3816 Se-

58 3852 280 3912 iorem,
325 3850 503 3920 proth
544 3849 750 3904 dolor!
786 3847 1178 3920 perdidimus,
1231 3848 1526 3904 seniorem
1559 3867 1702 3907 una-

58 3942 220 3996 imes
249 3937 565 3993 faciamus.
593 3960 620 3987 »
654 3938 812 3993 Illico
844 3943 1064 3993 sanctae
1094 3937 1522 3993 recordationis
1554 3956 1700 4010 pue-

55 4046 160 4085 Jm
194 4027 446 4082 nomine
495 4027 853 4082 Richardum
904 4027 1388 4095 inthrouizantes,
1421 4027 1702 4100 illiusque

55 4116 367 4176 oluntarie
394 4116 582 4172 effecti
613 4116 838 4184 ﬁdeles,
871 4117 1134 4171 fecerunt
1186 4133 1257 4171 ex
1287 4132 1357 4171 eo
1385 4116 1601 4172 ducem
1633 4119 1707 4172 si-

56 4210 70 4264 i
103 4205 462 4264 unanimes.
497 4205 826 4277 Complevit
872 4204 1070 4276 itaque
1112 4205 1550 4260 sacratissimus
1580 4205 1705 4261 dux

60 4293 387 4352 uillelmus
431 4298 488 4349 et
531 4299 758 4364 martyr
806 4292 1019 4348 Christi
1069 4291 1532 4362 gloriosissimus
1564 4309 1704 4361 ago-

57 4389 106 4442 is
143 4383 246 4438 sui
279 4399 532 4438 cursum
563 4398 724 4437 anno
754 4382 831 4437 ab
861 4381 1272 4437 lncarnatione
1305 4382 1537 4437 Domini
1576 4386 1702 4453 9&3,
1733 4421 1780 4477 Β

59 4495 117 4533 ;ιι
187 4473 507 4528 Kalendas
559 4471 844 4540 Januarii,
903 4487 1040 4540 rege
1101 4470 1398 4526 Ludovico
1449 4487 1704 4540 regnum

60 4563 297 4622 ranciae
328 4565 586 4629 tenente,
623 4563 740 4615 Deo
773 4561 905 4614 vivo
939 4565 996 4615 et
1023 4575 1164 4614 vero
1190 4563 1477 4627 regnante
1508 4560 1568 4616 in
1588 4561 1708 4616 Tri-

59 4652 233 4712 itatis
270 4649 647 4722 plenitudine
669 4653 726 4704 et
755 4647 992 4704 unitatis
1021 4647 1351 4718 majestate.

689 4788 1072 4827 APOSTROPHA.

61 4907 251 4961 rutus
287 4897 560 4971 aequorei
587 4901 884 4952 crescente
915 4895 1165 4950 tumoris
1197 4895 1275 4950 ab
1302 4900 1468 4962 tBStu,

63 4988 318 5047 rrtibus
352 4992 413 5042 et
442 4985 670 5050 nocuis,
703 4983 922 5057 pariter
952 4983 1228 5038 sorbente
1260 4983 1594 5055 Charybde,

63 5077 379 5147 ultiplicis
413 5075 654 5131 cumulo
685 5074 904 5128 diffuso
935 5073 1211 5140 turbinis,
1239 5078 1419 5145 atque

64 5167 238 5229 antis
270 5166 662 5235 mixturaque
693 5163 870 5219 simul
898 5162 1192 5218 volventis
1225 5177 1440 5218 arenae.

65 5275 179 5319 Lsa
211 5256 429 5310 ferens
456 5253 676 5321 ﬁgulus
703 5252 945 5322 fragilis,
978 5252 1096 5306 heu
1123 5252 1134 5305 !
1165 5251 1452 5318 materiai,

66 5353 90 5406 1
133 5349 417 5419 portum
446 5342 600 5396 latus
624 5358 762 5396 sum
796 5344 1143 5411 tempestate
1175 5341 1479 5412 privatum
1506 5359 1518 5397 :

65 5453 153 5496 lae
198 5432 338 5497 via,
377 5431 513 5492 vita.
549 5429 732 5497 salus,
774 5428 1052 5484 meritum
1082 5429 1343 5499 culmen,
1388 5430 1530 5488 ﬁdei
1563 5452 1719 5508 spes,

67 5535 293 5584 ioaue
328 5533 560 5573 corona
587 5517 763 5571 datur
791 5533 1018 5572 merces
1046 5518 1282 5574 sudoris
1305 5519 1579 5594 honesta,

68 5611 153 5671 :.-.li
197 5605 581 5662 muneribus
611 5605 777 5674 quod
806 5604 974 5673 digni
1004 5608 1455 5677 muniﬁcantur,

75 5713 278 5765 tavaa
317 5695 497 5753 sortis
528 5692 750 5749 natalia
780 5711 1023 5767 quoque
1053 5702 1372 5757 novantur.

353 5808 600 5861 PATROL.
637 5804 808 5860 CXLI.

1778 903 2091 958 Examines
2119 906 2280 957 artus
2315 899 2542 956 Christo
2568 915 2690 971 quo
2722 898 3116 968 viviﬁcantur,

1777 979 1942 1047 Hunc
1975 1006 2225 1063 pergam
2257 990 2434 1061 plena
2463 987 2695 1042 diverso
2724 1004 2921 1044 merce
2952 987 3172 1044 carina.

1781 1080 1862 1136 Sit
1881 1080 2009 1150 jam
2041 1079 2281 1132 fcrtuita
2313 1077 2547 1144 digesta
2571 1076 2695 1144 diu,
2726 1077 3113 1149 excipientur,

1779 1171 1857 1224 Ne
1885 1168 2078 1240 patiar
2124 1166 2343 1236 ﬁgulus
2375 1181 2654 1220 samnam
2697 1170 2819 1220 tam
2871 1165 3260 1221 ridiculosum
3291 1165 3434 1236 (sic),

1781 1261 1966 1329 Atque
1993 1255 2214 1328 operis,
2241 1255 2546 1326 nostrique
2576 1253 2799 1309 laboris
2827 1253 3269 1309 detrimentum.

1912 1396 2261 1437 EXHORTATIO
2295 1397 2364 1434 AD
2397 1396 2598 1446 ML'SAS,
2631 1395 2696 1434 [TT
2727 1394 2940 1433 CANANT
2971 1393 3308 1433 RICHARDUM.

1853 1507 2090 1564 Florida
2119 1507 2428 1562 clarisona:
2465 1506 2646 1562 solitae
2679 1509 2771 1561 sat
2801 1505 3068 1561 carmina
3098 1506 3292 1569 Musae,

1998 1595 2263 1651 Tinnitus
2286 1595 2533 1651 modulo
2554 1593 2805 1668 psallere
2837 1592 3130 1648 multiﬁdi.

1858 1685 2000 1754 Clio,
2034 1688 2416 1757 Melpomene,
2451 1684 2779 1756 Polymnia,
2817 1687 3008 1750 Erato,
3041 1680 3260 1737 Thalia.

1999 1775 2404 1847 Terpsichore,
2425 1779 2693 1846 Euterpe,
2709 1773 2986 1845 Calliope,
3005 1771 3274 1827 Eurania.
3298 1769 3440 1840 (sic).

1856 1864 2228 1936 Praecipuum
2257 1864 2442 1938 lyrico
2473 1880 2692 1920 munus
2723 1867 3037 1918 resonante
3063 1861 3244 1917 beatu

2003 1952 2302 2008 Dulcisoni
2332 1952 2731 2019 cantus,vocis
2761 1956 2818 2006 et
2848 1951 3121 2007 altivolae.

1858 2041 2106 2097 Patricio
2135 2042 2370 2108 celebri,
2400 2041 2718 2114 comitique
2748 2041 3004 2113 ducique
3034 2039 3312 2107 verendo,

2006 2131 2116 2196 Qui
2143 2132 2370 2188 studuit
2400 2147 2640 2186 summo
2671 2131 2775 2184 rite
2802 2130 3034 2202 placere
3065 2133 3203 2185 Deo.

1860 2221 2118 2290 Quaeque
2148 2223 2324 2275 canat
2349 2224 2615 2275 vestrum
2647 2218 2988 2288 singillatim
3014 2223 3152 2291 peto
3179 2216 3373 2284 dulce,

2005 2307 2224 2364 Alterni
2251 2309 2422 2365 metri
2444 2312 2706 2380 syrmate
2737 2307 3053 2364 dissimuli.

2527 2433 2648 2472 CLIO
2681 2433 2718 2471 ι.

1936 2521 2001 2575 Ni
2032 2525 2233 2577 nostra
2261 2537 2334 2576 en
2366 2521 2579 2576 stolida
2612 2537 2786 2575 sensa
2808 2520 3107 2575 silentium

1935 2613 2299 2683 Torpescens
2328 2613 2627 2682 promeret
2655 2613 2710 2663 et
2740 2608 3125 2673 taciturnitas,

1937 2701 2347 2770 lnterpresque
2375 2697 2523 2752 foret
2552 2696 2813 2750 historiae
2847 2711 3031 2749 sacrae

1935 2788 2116 2842 Plano
2142 2789 2432 2857 digereret
2460 2786 2562 2858 qui
2590 2785 2796 2840 ordine
2828 2785 3084 2855 mystica
3111 2799 3124 2837 ε

1935 2877 2264 2932 Richardus
2290 2892 2492 2932 comes
2524 2880 2580 2930 et
2603 2873 2871 2929 marchio
2903 2877 3197 2937 strenuus,

1939 2968 2066 3021 Dux
2093 2971 2148 3021 et
2177 2965 2462 3038 patricius
2490 2963 2768 3019 emeritus
2791 2961 3036 3034 probus,

1942 3056 2084 3120 Quze
2118 3055 2293 3124 gestit
2322 3069 2533 3110 canere
2563 3052 2890 3108 collibitum
2917 3051 3066 3107 foret

1941 3144 2210 3200 Mortales
2244 3160 2418 3200 curas
2447 3142 2702 3197 disserui
2732 3141 2893 3214 quia.

1939 3234 2092 3287 Juris
2119 3247 2381 3304 namque
2406 3230 2524 3286 mei
2556 3229 2821 3286 credibili
2851 3229 3080 3298 ordine,

1942 3315 2160 3376 Rerum
2187 3321 2467 3377 historias
2506 3320 2754 3375 reddere
2785 3320 3034 3389 posteris

1944 3412 2188 3465 Factum
2216 3427 2375 3464 nunc
2405 3409 2675 3480 typicum
2707 3409 2971 3462 carmine
2998 3406 3246 3460 dissono

1947 3499 2173 3552 Dedam
2203 3496 2560 3568 doctiloquis
2589 3495 2813 3567 quippe
2846 3493 3170 3549 sororibus.

2605 3615 2662 3653 II.

1948 3702 2214 3758 Delector
2241 3700 2427 3773 lyrico
2455 3699 2640 3754 boare
2669 3703 2880 3767 metro,

1955 3797 2006 3846 ls
2035 3790 2231 3864 qualis
2261 3789 2434 3846 fuerit
2457 3806 2658 3845 comes
2686 3785 2984 3843 verendus

1955 3884 2021 3936 Et
2045 3885 2274 3952 quanta
2303 3879 2487 3949 viguit
2511 3877 2809 3934 beatitate.

1952 3971 2119 4026 Adsit
2147 3969 2510 4026 concelebris
2540 3969 2806 4042 phalanx
2832 3981 3128 4034 sororum,

1955 4064 2181 4118 Mecum
2206 4061 2335 4131 ejus
2361 4059 2642 4116 meritum
2669 4061 3112 4128 recenseatque.

1954 4150 2206 4221 Turmis,
2238 4149 2520 4221 angelicis
2548 4148 2776 4206 fatebor
2797 4152 2975 4220 atque

1955 4242 1980 4294 .l
1990 4239 2130 4309 ungi
2154 4255 2266 4311 pro
2295 4239 2518 4296 meritis
2543 4237 2842 4295 beatitatis

1962 4331 2126 4383 Hunc
2152 4329 2385 4396 ,Christi
2433 4328 2748 4391 famulum,
2781 4325 3063 4398 probum,
3095 4321 3423 4391 benignum
3457 4339 3470 4390 ;

1964 4420 2184 4473 Censor
2214 4434 2352 4472 cum
2384 4415 2644 4471 famulos
2669 4413 3092 4480 remunerabit,

1959 4505 2216 4561 Perdens
2245 4504 2552 4578 suppliciis
2580 4521 2713 4559 reos
2745 4501 3046 4572 malignis.

2615 4617 2694 4655 III.

1964 4701 2294 4772 lstumjam
2323 4699 2649 4756 mediatum
2681 4695 3047 4753 conciliarier

1962 4789 2213 4858 Turmis,
2247 4789 2652 4860 archipatrum
2678 4801 2789 4859 pro
2820 4783 3045 4840 meritis
3073 4783 3216 4853 suis,

1965 4879 2073 4932 Pro
2103 4877 2498 4942 mirabilibus,
2533 4890 2763 4948 proque
2795 4871 3130 4943 vigentibus

1984 4967 2172 5023 Factis
2198 4967 2481 5033 miriﬁcis,
2510 4979 2741 5038 proque
2772 4961 3137 5028 monasticis,

1969 5061 2152 5129 Digne
2177 5074 2312 5130 quae
2339 5055 2605 5124 rutilant,
2637 5068 2894 5126 quaeque
2920 5055 3165 5107 manent
3194 5049 3415 5107 adhuc.

1969 5149 2194 5206 Archos
2225 5145 2546 5202 melliﬂuus
2574 5158 2822 5215 corpore
2854 5141 3094 5214 sospite.

1969 5242 2118 5294 Nam
2145 5235 2383 5291 decreta
2402 5237 2644 5306 patrum
2672 5247 2807 5303 qua:
2839 5230 3093 5286 retinent
3121 5244 3315 5296 sacra,

1976 5326 2192 5384 Mundo
2225 5324 2373 5379 dum
2406 5321 2612 5392 viguit,
2644 5325 2860 5376 cuncta
2889 5323 3172 5394 operatus
3204 5321 3316 5374 est.

1978 5414 2184 5472 Dilexit
2211 5411 2531 5468 Dominum
2562 5409 2742 5466 corde
2770 5409 2869 5484 pio
2899 5414 3106 5477 Deum,

1978 5506 2166 5577 Digno
2197 5507 2287 5560 ast
2313 5506 2378 5558 ut
2405 5516 2650 5575 quoque
2691 5517 2754 5557 se
2785 5501 3005 5561 foedere
3032 5499 3392 5575 proximam.

2630 5609 2703 5648 IV.

1983 5697 2041 5756 Si
2067 5695 2281 5754 etﬁcax
2310 5697 2522 5751 nostra
2545 5697 2602 5750 et
2630 5701 2874 5767 caperet
2897 5696 3194 5763 voluntas,

3158 5804 3226 5856 22
