3878 6434
446 281 548 334 683

1436 271 1738 327 DUDONIS
1765 265 2022 324 DECANI
2056 265 2112 323 S.
2143 265 2449 333 QUINTINI
2480 268 2857 329 VIROMAND.

586 398 845 465 Qualiter
874 396 1035 463 vixit,
1064 395 1389 467 viguitque,
1424 394 1578 462 fecit,

588 487 939 554 Scriberem,
974 500 1183 540 sensus
1213 484 1344 538 licet
1367 483 1682 557 improbus
1715 479 1808 550 sit,

589 577 827 633 Vatibus
853 574 1017 648 quod
1046 573 1330 629 condecet
1359 574 1518 628 hunc
1548 571 1741 627 notari

587 666 1003 734 Marchionem,
1035 662 1473 735 patriciumque
1498 662 1749 733 justum,

587 759 651 811 Et
679 754 895 809 ducem
927 755 1225 817 sanctum,
1258 750 1535 805 comitem
1564 747 1913 804 verendum.

584 842 838 917 Mysticis
869 857 1013 896 nam
1042 839 1209 912 quod
1239 839 1487 894 retulere
1519 837 1716 893 verbis

583 932 770 990 Corde
801 945 1073 1003 praesago
1104 927 1422 999 typicoque
1452 931 1634 996 vates,

586 1020 844 1079 Credidit
868 1018 1071 1080 solers,
1100 1016 1366 1072 recitavit
1393 1022 1572 1088 atque

586 1114 891 1181 Menteque
921 1106 1161 1175 audivit,
1193 1104 1580 1177 meminitque
1610 1118 1799 1159 sacra.

1238 1229 1293 1267 Υ.

587 1311 917 1364 Memorans
936 1318 1113 1358 vocer
1132 1318 1485 1374 quanquam
1506 1301 1702 1375 placet
1721 1315 1855 1371 quas
1877 1297 2089 1352 dicere.

590 1395 901 1452 Sororibus
927 1392 1145 1457 dicam,
1178 1390 1310 1446 licet
1334 1392 1461 1459 jam
1489 1390 1739 1457 stultior,

583 1481 922 1538 Perenniter
946 1479 1146 1549 fruges
1179 1478 1381 1534 salutis
1414 1482 1649 1542 nostrae,
1678 1474 1899 1548 quibus

584 1570 852 1626 Adolevit
879 1569 1022 1624 orbe
1052 1569 1167 1623 isto
1198 1571 1255 1622 et
1282 1565 1449 1633 ﬁdes,
1487 1582 1623 1638 spes
1656 1568 1711 1619 et
1741 1562 1947 1633 gloria,

582 1659 1001 1733 Apostolorum
1027 1656 1276 1712 coetibus
1304 1654 1772 1727 splendentibus,

583 1752 861 1818 Magnum
900 1746 1137 1813 ducem,
1174 1749 1469 1809 sanctum,
1499 1743 1687 1815 pium,
1710 1741 1962 1811 justum,

1768 1827 2091 1901 [probum,]

584 1925 790 1981 Ausim
821 1923 1181 1979 Richardum
1214 1920 1623 1975 marchionem
1647 1919 1920 1989 jungere,

585 2018 840 2069 Numero
869 2011 1003 2066 licet
1032 2010 1080 2064 si
1107 2024 1250 2077 non,
1283 2024 1392 2063 nec
1423 2007 1543 2062 ullo
1574 2010 1879 2077 compotu,

582 2100 781 2157 Merito
807 2103 1009 2153 tamen
1037 2094 1317 2163 mirabili,
1350 2109 1521 2149 sacer
1544 2093 1685 2165 quia

586 2187 795 2246 Meritis
824 2189 1026 2241 Petrus
1052 2200 1175 2239 non
1205 2183 1427 2238 invidet
1454 2198 1625 2253 aeque
1654 2182 1787 2254 piis.

1244 2305 1313 2342 Vl.

587 2378 895 2435 Inveniens
921 2374 1172 2431 similem
1202 2373 1403 2430 comiti

587 2471 787 2524 Lector
811 2465 1021 2534 amice,
1049 2463 1197 2519 mihi
1225 2477 1455 2529 resera;

586 2556 681 2611 Ille
714 2554 849 2626 quis
874 2558 964 2608 est
988 2553 1169 2608 modo
1195 2552 1509 2619 terrigena,

584 2648 652 2701 Ut
677 2641 903 2716 populo
932 2641 1095 2696 bona
1120 2640 1224 2713 qui
1256 2639 1469 2709 tulerit,

579 2737 802 2804 Totque
834 2746 1057 2795 cruces,
1090 2729 1333 2801 probra,
1367 2729 1623 2784 tormina
1651 2730 1818 2799 quot,

582 2819 830 2877 Numine
855 2834 965 2891 pro
990 2817 1128 2872 ﬁdei
1148 2816 1352 2872 habili.

582 2909 705 2964 Rite
735 2906 997 2962 coercuit
1023 2904 1372 2973 indomitos,

583 2994 809 3050 Restitit
837 2992 1048 3049 acriter
1076 2996 1255 3063 atque
1280 2990 1475 3060 Dacis,

584 3081 935 3152 Martyribus
964 3080 1161 3136 socius
1195 3079 1419 3134 meritis

584 3175 870 3243 Perpetua
899 3168 1109 3225 fruitur
1138 3168 1362 3240 requie.

1222 3289 1317 3329 VII.

582 3369 907 3423 Instructus
937 3363 1251 3436 sapientia,

580 3454 886 3511 Delectans
913 3454 1384 3523 religionemque

580 3546 813 3609 Quanto
842 3539 1193 3615 pontiﬁcum
1224 3554 1425 3595 sacras

578 3632 821 3690 Ornavit
848 3631 1162 3688 cathedras
1188 3628 1340 3700 vide,

575 3722 680 3778 Hic
710 3721 853 3789 dux,
884 3720 1188 3793 patricius,
1223 3733 1444 3775 comes.

575 3812 729 3876 Quot
752 3814 842 3865 sat
868 3822 1133 3881 namque
1153 3804 1321 3861 vides
1351 3804 1573 3877 adhuc,

574 3902 703 3954 Non
729 3897 818 3952 fas
848 3896 1044 3952 dicere
1071 3894 1355 3968 plurima,

576 3984 688 4049 Qui
716 3983 879 4038 nullo
904 3981 1146 4037 inferior
1172 3980 1302 4051 fuit,

577 4071 690 4128 Sed
718 4069 1094 4143 praestantior
1122 4068 1356 4125 exstitit.

575 4158 1025 4217 Confessoribus
1053 4156 1295 4214 additus

573 4250 702 4302 Dux
725 4250 781 4302 et
806 4245 1075 4302 marchio
1096 4250 1361 4302 sanctus.

573 4334 859 4401 Quamvis
881 4335 1011 4405 jam
1041 4333 1364 4407 pepigisset

573 4422 728 4479 Casti
755 4421 981 4479 foedera
1006 4422 1161 4493 lecti,

570 4510 808 4579 Sinceri,
839 4511 1120 4585 licitique,

568 4602 761 4658 Causa
786 4600 1167 4673 posteritatis,

569 4691 733 4745 Serto
762 4688 1050 4759 virgineo,
1081 4685 1216 4761 quis

562 4781 728 4833 Nunc
758 4777 1089 4833 subducere
1118 4776 1346 4834 tentet?

562 4868 689 4922 Non
718 4882 888 4921 mens
920 4865 1161 4922 conscia
1187 4864 1349 4933 recti,

562 4954 782 5009 Labem
811 4969 993 5027 passa
1017 4951 1288 5027 pudoris,

558 5044 775 5097 Verum
806 5044 970 5097 casta
994 5039 1302 5098 remansit.

1182 5164 1293 5204 VIII.

556 5251 852 5321 Adducta,
874 5252 1076 5322 lector,
1108 5270 1270 5310 nunc
1295 5254 1545 5325 ratione,

557 5341 665 5395 Per
693 5344 937 5397 cunctos
962 5343 1235 5400 animum
1263 5343 1473 5400 ordine
1500 5348 1739 5404 sanctos

556 5429 857 5500 Propenso
891 5445 1075 5487 sensu
1102 5431 1338 5503 porrige
1367 5432 1592 5490 solers:

555 5515 613 5572 Si
640 5520 849 5574 nostro
873 5518 1030 5589 patri
1059 5520 1529 5593 convenientem,

556 5606 768 5674 Factis,
798 5609 855 5659 et
887 5606 1130 5672 meritis,
1164 5612 1221 5663 et
1245 5608 1558 5667 famulatu.

544 5693 737 5751 Divini
764 5691 1035 5763 obsequii
1056 5694 1200 5751 orbe
1222 5695 1467 5768 labenti,

2121 404 2169 457 A

2127 1744 2166 1797 Β

2341 392 2618 462 Congruo
2650 394 2811 451 cultu
2842 398 3132 468 repereris
3155 398 3307 469 jam,

3698 289 3757 345 Oti

2344 481 2605 552 Usquam
2634 486 2690 537 et
2718 483 3035 554 patricium
3066 487 3348 560 conspice
3380 504 3718 564 quemquam.

2341 572 2547 625 Nostro
2579 586 2842 643 namque
2868 574 3023 645 patri
3053 590 3323 644 congrua
3355 584 3560 636 cuncta

2346 661 2404 712 In
2438 660 2665 715 cunctis
2698 668 2978 718 constant
3003 664 3236 720 actibus
3261 666 3402 722 ista.

2342 749 2609 819 Cumque
2640 755 2885 817 cogetur
2912 751 3154 821 agmine
3185 770 3421 824 magno

2341 837 2612 890 Censoris
2637 837 2791 893 rutili
2816 840 3085 896 mundus
3109 842 3189 897 ad
3214 858 3323 897 ora
3347 861 3362 898 :

2339 923 2607 996 Cumque
2638 930 2694 979 et
2722 928 3086 998 apostolicus
3113 930 3209 988 ille
3236 937 3481 990 senatus

2343 1013 2565 1068 Sederit
2590 1014 2649 1069 in
2682 1016 2820 1071 sede
2845 1017 3117 1087 judiciali
3145 1038 3158 1087 ;

2341 1100 2668 1157 Richardus
2700 1104 2875 1159 rutilo
2898 1104 3023 1177 ipse
3057 1107 3227 1165 sedili

2342 1190 2641 1246 Subnixus
2671 1193 2916 1261 meritis,
2949 1196 3244 1269 moribus,
3279 1202 3465 1272 atque

2341 1280 2419 1332 De
2447 1294 2671 1347 magno
2697 1280 2841 1337 orbe
2874 1282 3019 1339 feret
3041 1284 3305 1358 juraque
3337 1288 3518 1357 leges.

2341 1366 2608 1437 Cumque
2642 1370 3008 1440 martyribus
3041 1371 3217 1428 fortia
3247 1377 3443 1432 sacris

2340 1455 2609 1526 Praemia,
2638 1458 2964 1528 prudenter
2990 1460 3192 1530 judice
3221 1464 3458 1523 Christo

2340 1543 2597 1599 Portabit
2626 1562 2866 1602 roseam
2899 1547 2992 1603 ille
3020 1566 3313 1609 coronam

2341 1633 2448 1685 Pro
2478 1648 2601 1704 qua
2630 1634 2935 1706 pertulerit
2961 1636 3109 1693 calle
3144 1641 3439 1699 secundo.

2342 1721 2609 1792 Cumque
2640 1724 2977 1780 sacerdotes
3002 1742 3202 1783 merce
3229 1729 3471 1800 calenti,

2342 1808 2447 1861 Pro
2479 1824 2656 1862 carne
2689 1810 2971 1879 edomita,
3010 1812 3213 1869 fenore
3238 1814 3399 1873 lucri

2341 1895 2555 1950 Ordine
2584 1914 2693 1969 pro
2721 1899 2912 1954 meriti
2941 1903 3075 1957 Jam
3106 1905 3419 1974 penetrale

2342 1987 2625 2039 lntrarent
2651 1987 2818 2055 regni
2837 1988 2971 2057 jure
3003 1992 3273 2063 superni,

2340 2072 2541 2127 Palma
2572 2074 2793 2130 victrici
2822 2092 2977 2133 ecce.
3061 2122 3073 2134 .
3155 2120 3168 2133 .
3254 2123 3269 2138 .

2339 2161 2588 2233 Optime,
2621 2162 2868 2235 dicetur,
2902 2166 3131 2239 excipe,
3164 2184 3370 2241 serve,

2337 2250 2590 2306 Maxima
2610 2267 2719 2323 pro
2746 2254 2969 2325 parvis,
2997 2270 3171 2327 euge,
3201 2256 3428 2316 ﬁdelis.

2990 2428 3069 2469 IX.

2337 2554 2510 2607 Terra
2536 2552 2699 2607 ferax
2729 2553 2988 2610 trimoda
3015 2555 3159 2613 beat
3183 2557 3424 2617 almum

2339 2640 2577 2694 Profuse
2607 2641 2874 2697 ubertate
2910 2643 3216 2702 colonum.

2340 2728 2429 2783 Sic
2461 2744 2636 2783 verus
2663 2730 2866 2785 docuit
2894 2737 3057 2787 sator
3086 2734 3234 2791 almi

2340 2817 2510 2872 Verbi
2538 2820 2764 2875 mundo
2798 2820 3031 2876 semina
3057 2823 3330 2882 mittens.

2339 2908 2486 2961 Cum
2516 2907 2769 2963 referent
2789 2908 2888 2964 alii
2916 2910 3233 2968 rutilantes

2335 2997 2465 3050 Jam
2496 2996 2714 3052 nitidos
2741 3014 2922 3070 super
2952 3004 3115 3056 astra
3144 3005 3521 3079 manipulos,

2336 3084 2583 3139 Praemia
2612 3086 2857 3157 cuisque
2881 3088 2969 3142 sui
3000 3093 3342 3161 repetendo

2338 3176 2635 3229 Certantes
2654 3190 2765 3246 pro
2785 3181 2952 3247 parte
2980 3177 3229 3248 laboris,

2336 3262 2697 3318 Richardum
2723 3280 2929 3320 cernes
2955 3267 3197 3325 radiare

2334 3353 2533 3406 Ternis
2555 3352 2614 3407 in
2647 3353 2904 3410 sublime
2930 3358 3193 3413 coronis.

2337 3441 2465 3512 Ipse
2490 3441 2550 3496 in
2582 3457 2880 3511 sexagena
2905 3444 3213 3517 profectus

2334 3533 2381 3584 A
2409 3534 2493 3585 ter
2520 3530 2690 3585 denis
2718 3532 2967 3589 numine
2996 3533 3140 3591 divo

2334 3624 2381 3672 Α
2405 3618 2557 3674 laeva
2580 3619 2833 3689 vestigia
2860 3620 3033 3678 duxit

2336 3711 2398 3762 In
2427 3707 2698 3763 dextram
2728 3709 2866 3765 hinc
2900 3726 3143 3784 semper
3169 3712 3501 3774 luculento

2334 3794 2590 3865 Virginio
2614 3796 2953 3854 diademate
2993 3800 3132 3856 felix
3152 3819 3165 3869 ;

2332 3884 2667 3952 Virginibus
2695 3885 2937 3942 dabitur
2966 3903 3172 3945 comes
3200 3890 3332 3963 ille,

2331 3976 2567 4042 Agnum
2592 3974 3164 4049 praepulchrumque
3198 3988 3528 4055 sequatur,

2334 4063 2402 4116 Et
2426 4066 2633 4132 perget
2656 4076 2933 4132 gressum
2960 4066 3157 4123 tulerit
3182 4085 3348 4144 quo,

2328 4149 2537 4205 Psallet
2566 4150 2733 4222 quod
2761 4152 2959 4208 natale
2986 4155 3235 4226 pudicis

2328 4239 2597 4295 Etherea
2625 4239 2940 4297 dulcedine
2971 4259 3229 4304 carmen

2330 4330 2394 4382 In
2420 4327 2620 4398 quinis
2648 4343 2933 4385 resonum
2962 4334 3390 4393 tetrachordis
3429 4355 3446 4394 :

2328 4417 2547 4472 Tantus
2582 4421 2648 4471 ut
2673 4417 2766 4472 his
2791 4418 2958 4475 ﬁeret
2986 4424 3111 4488 tua,
3140 4424 3428 4499 Christe,

2328 4509 2571 4561 Exstant
2592 4506 2818 4574 munia,
2846 4508 2951 4580 qui
2972 4525 3153 4583 super
3182 4523 3421 4575 exstas

2326 4596 2392 4651 Et
2417 4594 2502 4650 nil
2528 4599 2757 4651 rectum
2785 4612 2911 4669 quo
2934 4597 3054 4654 ﬁne
3079 4609 3374 4678 constat,

2325 4685 2551 4740 Etcum
2580 4698 2705 4756 quo
2733 4690 2872 4741 sunt
2898 4687 3105 4744 omnia
3133 4697 3349 4751 recta.

2443 4860 2727 4901 ΡΗᾸΞῈΑΤῘΟ
2766 4862 2838 4900 AD
2876 4862 3191 4908 PRRSULEM
3238 4871 3615 4915 ROTBBRTUH.

2422 5002 2580 5059 Licet
2606 5003 2885 5077 imperita
2907 5005 3078 5063 fandi

2422 5090 2730 5160 Habearis,
2762 5099 2821 5149 et
2847 5095 3120 5167 priveris,

2421 5181 2635 5236 Exsors
2658 5181 3042 5255 scientiaque

2420 5270 2677 5336 Maneas,
2710 5272 2983 5339 moreris,
3011 5279 3251 5348 exstes,

2420 5355 2729 5412 Rhetorico
2760 5374 3000 5430 sapore,

2421 5445 2487 5498 Et
2516 5445 2723 5513 hebes,
2754 5463 2975 5516 secors,
3005 5448 3333 5529 inersque
3360 5479 3377 5529 ;

2419 5532 2717 5600 Phaleras,
2744 5551 2781 5592 o
2809 5552 3108 5607 camena,
3143 5558 3380 5615 parvo

2418 5622 2627 5677 Nostro
2657 5638 2809 5694 para
2826 5624 3059 5684 libello.

2420 5708 2708 5781 Elinguis,
2737 5717 2920 5786 atque
2944 5716 3129 5775 stulta
