3878 6382
66 235 161 289 685

531 231 619 285 DE
659 228 897 283 GESTIS
936 225 1366 284 ΜΟΗΜΑΝΝΙᾸΞ
1405 223 1645 281 ΒΗΟΠΙ
1681 222 1864 281 LIBRI
1901 224 2062 281 TRES

1914 224 2095 281 [‘RES.
2127 256 2195 265 —
2226 225 2360 281 LIB.
2394 227 2485 282 III.
2528 223 2946 281 RICHARDUS.
3340 226 3445 285 686

314 353 576 410 Rationis
607 352 915 408 universae.

310 446 525 500 Resera
562 441 731 497 ducis
763 440 939 512 sacri,

311 530 662 603 Patriciique
677 529 845 600 justi,

312 621 377 674 Et
404 617 770 673 marchionis
803 614 947 672 almi

314 706 634 762 Luculenta
660 709 825 776 gesta
858 704 1097 777 scripto.

313 796 470 852 Velet
500 812 562 851 es
596 799 929 867 potensque
953 793 1124 860 scitu,

311 887 476 942 Bona
496 902 630 957 qua:
662 884 887 956 peregit
914 884 1061 955 ipse,

315 976 604 1046 Operatus
636 978 723 1027 est
743 975 1064 1043 superstes,

313 1066 569 1119 Memora
598 1061 825 1116 calente
851 1076 1008 1116 vero.

315 1152 610 1216 Quoniam
641 1150 809 1205 decet
847 1166 953 1222 per
971 1162 1149 1204 omne

315 1240 523 1296 Comiti
553 1256 723 1294 sacro
751 1237 1065 1305 Richardo,

312 1333 494 1392 Justo,
523 1329 644 1402 pio,
679 1328 977 1395 modesto,

312 1418 537 1475 Jubilos
565 1418 781 1473 referre
806 1431 1099 1472 summos.

316 1510 529 1571 Exstet,
556 1522 869 1578 precemur
898 1520 1129 1571 omnes,

316 1597 396 1652 Illi
427 1612 532 1668 per
559 1612 737 1651 omne
764 1594 1045 1650 saeculum

312 1686 582 1757 Requies,
613 1684 795 1752 salus,
821 1684 1125 1755 decusque

314 1779 379 1831 Et
410 1775 610 1843 gloriae
636 1775 1090 1830 incrementum.

316 1864 532 1919 Deitate
563 1862 854 1918 Trinitatis

314 1952 665 2011 Moderantis
687 1967 866 2007 omne
894 1947 1190 2023 quidquid

316 2045 535 2111 Exstat,
568 2039 740 2109 valet,
764 2040 1061 2112 vigetque.

623 2234 750 2273 ITEM
791 2230 1098 2272 PBEFATIO.

318 2395 442 2451 Ulla
473 2411 597 2450 non
627 2394 785 2450 canit
823 2408 1119 2449 camoena.

318 2484 421 2539 Cui
452 2482 737 2555 loquendi
770 2482 945 2553 copia

320 2572 619 2628 Blaterans
652 2571 873 2637 stridet,
905 2569 997 2626 vel
1024 2568 1179 2625 desit

315 2662 579 2721 Pusioni.
608 2666 669 2716 ut
691 2659 939 2715 adsolet.

316 2751 565 2819 Inscius,
601 2766 823 2817 socors,
851 2748 1177 2821 hebesque,

320 2840 731 2912 Omnibusque
761 2837 1013 2903 stultior,

320 2928 704 2999 Frivolusque
727 2926 1004 2999 quamvis
1036 2930 1282 2996 exstem,

318 3016 601 3088 lmpedite
642 3016 908 3085 garriens
937 3034 948 3070 :

317 3106 491 3161 Gesta
520 3104 743 3173 digessi
771 3104 935 3159 vides
962 3110 1028 3161 ut

318 3193 592 3267 lmpolito
621 3192 844 3249 famine

317 3282 541 3353 inclyti,
574 3281 840 3354 bonique
864 3282 1010 3353 justi

316 3370 667 3427 Marchionis
695 3371 941 3438 strenui,

316 3464 539 3516 Parvus
568 3460 719 3515 inter
748 3460 907 3516 dicta
934 3464 1117 3515 vates.

318 3554 483 3605 Nunc
523 3548 677 3603 feror
707 3548 1107 3620 dicendaque,

320 3642 451 3693 Haec
482 3642 725 3693 movent
756 3637 967 3692 rudem
996 3641 1259 3709 poetam,

317 3728 421 3783 111a
451 3732 673 3795 cogunt
695 3726 967 3781 scribere.

316 3817 415 3871 Hic
449 3822 651 3872 tamen
681 3816 935 3870 subsiste
957 3830 1218 3885 mecum,

318 3905 491 3970 Quod
516 3904 789 3959 locorum
814 3904 997 3959 ivero.

317 3992 623 4065 Impolitus
654 3991 785 4049 licet
821 3997 1033 4059 exstes,

316 4088 359 4153 l,
392 4099 621 4156 precor,
654 4083 987 4139 salubriter.

314 4177 397 4229 Me
426 4178 632 4245 stupor
648 4172 911 4243 percellit
936 4188 1093 4239 ecce,

314 4267 503 4334 Atque
535 4261 709 4333 plura
740 4261 1025 4329 territant,

316 4354 383 4407 Et
412 4352 584 4406 novis
610 4356 863 4421 surgunt
886 4349 1093 4419 ﬁguris

314 4441 453 4501 Quae
483 4440 665 4497 taceri
694 4456 819 4496 non
850 4439 939 4495 fas
962 4444 1066 4495 est.

314 4531 471 4585 Mens
501 4527 653 4597 fugit
682 4528 895 4583 mirata
925 4526 1181 4582 multum
1210 4544 1223 4593 ;

314 4619 495 4672 Fasce
517 4621 727 4689 pectus
751 4617 1001 4684 cogitur.

314 4705 785 4760 Christianorum
818 4719 1150 4775 peragrans

317 4793 571 4848 Circuivi
595 4792 905 4847 exercitus.

314 4882 569 4954 Repperi
594 4881 948 4952 nullumque
976 4880 1177 4948 talem,

316 4972 611 5027 Omnibus
650 4970 1052 5043 prrecognitis,

318 5063 389 5115 Ut
409 5060 704 5115 Richardo
731 5058 1084 5124 marchioni,

318 5149 423 5205 Cui
454 5154 618 5204 tanta
645 5147 990 5204 coatﬂuant.

316 5240 482 5293 Hunc
512 5238 769 5292 feremus
803 5242 887 5292 ter
914 5235 1184 5301 beatum,

320 5329 387 5381 Et
416 5331 628 5398 quater
654 5326 816 5380 hunc
838 5324 1051 5379 millies
1082 5342 1094 5390 ;

317 5417 482 5469 Hunc
512 5410 867 5481 benignum,
900 5413 1063 5467 hunc
1099 5412 1467 5469 modestum.

318 5499 714 5569 Concrepabit
738 5500 982 5571 pagina.

318 5589 486 5643 Hunc
510 5587 698 5659 pium,
729 5588 1081 5661 justumque
1116 5596 1417 5662 sanctum,

316 5681 386 5736 Et
406 5676 733 5752 probatum
762 5682 820 5735 et
836 5680 1195 5741 maximum.

2078 348 2369 404 Almitatis
2397 348 2580 420 hujus
2605 352 2773 405 actus

2078 437 2264 493 Testis
2290 442 2378 493 est
2400 436 2854 511 Northmannia,

2080 526 2390 597 Largitatis
2417 531 2597 599 atque
2624 527 2809 599 hujus

2075 615 2256 671 Testis
2277 618 2365 671 est
2395 619 2451 671 et
2478 614 2727 673 Francia
2756 632 2771 670 :

2080 703 2627 779 Fortitudinemque
2658 704 2788 775 ejus

2078 791 2441 865 Comprobat
2470 792 2835 862 Burgundia.

2078 884 2283 951 Regna
2311 881 2487 953 facta,
2510 887 2718 939 sancta
2745 882 2924 954 dicta,

2079 970 2230 1035 Quin
2256 974 2497 1042 stupent
2515 974 2571 1027 et
2597 974 2808 1028 caetera
2839 988 2853 1026 :

2081 1059 2371 1129 Cogitatu,
2396 1059 2575 1132 facto,
2606 1060 2765 1117 dicto

2078 1150 2263 1203 Nemo
2293 1148 2487 1219 major
2516 1147 2835 1220 splenduit.

2078 1240 2140 1290 In
2170 1236 2334 1293 bono
2365 1253 2604 1293 summo
2635 1235 2804 1312 quies
2831 1238 2992 1311 huic,

2077 1324 2447 1398 Sempiterna
2474 1324 2682 1396 gloria.

2513 1482 2737 1524 ORATIO.

2078 1596 2375 1650 Dacorum
2403 1593 2546 1649 olim
2588 1594 2842 1652 themate
2869 1594 2967 1651 vili

2075 1682 2277 1738 Ardua
2303 1682 2559 1738 currenti
2588 1682 2733 1738 mihi
2756 1688 2940 1753 gesta.

2076 1770 2391 1841 Consurgit
2413 1770 2601 1827 moles
2629 1772 2812 1829 modo
2841 1777 3029 1829 torva.

2076 1858 2346 1916 Pondere
2377 1860 2602 1932 quippe
2634 1877 2765 1932 suo,
2797 1861 2939 1934 quia
2968 1876 3093 1918 non
3113 1866 3203 1924 est

2076 1951 2357 2004 Nostrum
2385 1965 2627 2022 quoque
2667 1954 2936 2027 tempore
2966 1957 3162 2030 prisco

2075 2037 2385 2103 Exaudite,
2417 2038 2751 2114 rudineque
2791 2045 2938 2114 visa,

2077 2129 2320 2199 Propter
2349 2127 2464 2183 hoc
2489 2142 2615 2186 non
2646 2133 2885 2202 cognita
2914 2136 3162 2192 cunctis.

2077 2216 2309 2272 Credita
2329 2232 2461 2291 nec,
2494 2224 2838 2295 tentataque
2867 2225 3079 2297 paucis

2080 2303 2330 2376 Spiritus
2357 2308 2533 2380 alme,
2564 2310 2719 2377 veni,
2744 2316 2880 2383 peto
2912 2313 3185 2387 supplex,

2078 2398 2339 2464 Nectare,
2376 2398 2645 2469 septiﬂue
2675 2400 2989 2457 radiando.

2078 2491 2181 2541 Ast
2204 2486 2263 2541 id
2294 2502 2418 2559 qua
2446 2487 2659 2543 virtute
2685 2488 2903 2545 dedisti

2077 2578 2209 2632 Jam
2238 2569 2386 2644 ﬁeri,
2410 2574 2491 2631 da
2518 2592 2695 2648 posse
2726 2578 2969 2649 profari.

2062 2728 2344 2774 PREFATIO
2388 2730 2459 2772 AD
2497 2730 2796 2774 PRESULEM
2834 2728 3180 2776 ROTBERTUI.

1796 2843 2037 2899 Fomitis
2067 2843 2304 2899 aetherei
2328 2842 2616 2912 regimen,
2644 2844 2932 2899 terrestris
2960 2846 3201 2912 Averni,

1868 2932 2038 2988 Orbis
2071 2933 2249 2989 totius
2278 2940 2470 3002 ΝΟΥΣ,
2498 2932 2700 2997 decus,
2735 2933 3075 3007 imperium.

1719 3051 1760 3107 ρ
1801 3021 2106 3077 Sidereum
2134 3021 2433 3092 columen,
2462 3022 2788 3095 specimen,
2822 3023 3022 3094 virgor
3051 3028 3230 3098 atque
3253 3041 3456 3100 super-

3230 3130 3347 3171 ηαδ

1870 3200 2190 3255 Uranicum
2219 3215 2445 3256 numen
2464 3203 2706 3272 perpete
2737 3205 2952 3257 cuncta
2981 3116 3222 3261 tenens.[

1797 3290 2127 3343 Causarum
2151 3288 2350 3355 series,
2383 3293 2581 3344 motus
2606 3304 2713 3361 per
2739 3289 2980 3345 condita
3009 3305 3232 3360 rerum,

1869 3378 2224 3447 Compactor
2252 3377 2571 3432 hominum
2603 3376 2791 3446 gloria
2820 3377 3170 3435 divicolum.

1797 3465 2159 3535 Quanquam
2189 3469 2405 3519 cuncta
2437 3464 2538 3520 tibi
2587 3463 2948 3535 depromant
2984 3466 3193 3522 munia
3237 3466 3454 3539 laudis,

1869 3554 2171 3608 Concentu
2195 3551 2381 3619 vario,
2409 3554 2673 3621 syrmate
2713 3550 2985 3605 dissimili
3011 3570 3022 3607 :

1799 3642 1915 3695 Hac
1947 3640 2063 3695 oda
2091 3644 2144 3695 te
2172 3644 2523 3694 cunctorum
2550 3638 2778 3706 regem‘
2805 3638 3202 3706 cantavimus,

1870 3728 2171 3785 Continuis
2201 3726 2378 3794 votis,
2408 3724 2777 3798 supplicibus
2804 3726 3103 3799 precibus.

1797 3821 1881 3875 Tu
1909 3818 2168 3874 fecunda
2196 3817 2379 3885 Trias,
2409 3815 2784 3889 simplexque
2814 3818 3016 3873 Monas
3043 3806 3345 3885 vocitaris,

1870 3913 2184 3960 ΕΛΛΗΝΑΣ
2218 3912 2389 3959 ΚΑΤΑ
2408 3906 2429 3931 *
2458 3922 2565 3962 seu
2589 3910 2646 3962 te
2668 3922 2911 3979 quoque
2943 3905 3303 3963 distribuant

1796 4000 2216 4063 ΥΠΟΣΤΑΣΕΙΣ,
2251 3999 2491 4047 ΟΥΣΙΑΝ
2533 3993 2725 4050 solam
2755 3999 2923 4046 ΜΙΑΝ
2956 4000 3057 4047 ΕΙΣ
3085 4000 3290 4063 ΤΡΕΙΣ,

1871 4087 1986 4143 Seu
2024 4086 2107 4141 sic
2134 4090 2197 4141 ut
2220 4085 2396 4142 latius
2428 4084 2589 4140 orbis
2629 4084 2692 4139 in
2723 4100 2823 4139 ore
2854 4088 3027 4140 tenet.

1795 4175 2008 4229 Veram
2034 4178 2403 4226 ΥΠΟΣΤΑΣΙΝ
2442 4177 2635 4242 MIAN,
2675 4177 2823 4224 TPIA
2864 4187 3081 4245 nempe
3125 4177 3452 4241 ΠΡΟΣΩΗΔ,

1871 4262 2033 4317 idem
2064 4278 2299 4334 semper
2328 4261 2493 4331 ades,
2518 4260 2678 4316 idem
2704 4260 2753 4315 is
2779 4264 2833 4316 et
2860 4261 2985 4332 ipse
3006 4276 3241 4316 manes.

1798 4351 1881 4404 Tu
1902 4354 2069 4422 pater
2098 4349 2419 4418 ingenitus,
2451 4349 2701 4419 gignens
2732 4353 2795 4403 tu
2825 4348 3080 4403 crederis
3109 4365 3283 4416 unus,

1872 4438 1962 4495 Sic
1988 4442 2202 4494 Natum
2226 4437 2493 4506 genitum
2523 4436 2743 4507 Sophia
2770 4435 3001 4508 plaudit
3030 4452 3238 4492 ovans.

1800 4524 2038 4581 Flamen
2062 4529 2313 4597 utroque
2352 4523 2545 4578 ﬂuens
2570 4538 2706 4577 vere
2736 4518 2912 4578 vivax
2950 4520 3252 4595 paraclite.

1868 4618 1931 4670 In
1965 4614 2151 4670 tribus
2172 4613 2264 4668 his
2286 4629 2472 4668 unam
2502 4628 2611 4667 nos
2634 4609 2885 4666 colimus
2910 4611 2931 4632 "
2978 4614 3247 4665 ΘΖΟΤΗΝ
3304 4613 3453 4686 (sic).

1798 4705 1941 4769 Quae
1964 4703 2046 4759 sic
2075 4702 2234 4759 dicta
2261 4702 2478 4776 placet,
2510 4702 2674 4774 quod
2690 4716 2938 4757 cernens
2954 4707 3156 4758 currat
3174 4702 3235 4757 in
3253 4718 3456 4774 omne,

1869 4796 1936 4848 Et
1960 4808 2267 4865 nusquam
2293 4796 2459 4847 extra
2487 4808 2547 4846 se
2576 4789 2766 4863 possit
2803 4789 3011 4847 adesse
3043 4784 3289 4864 aliquid.

1798 4883 1945 4937 Cum
1969 4884 2169 4937 motus
2207 4880 2457 4948 stabilis,
2491 4884 2676 4936 status
2704 4880 2776 4935 sit
2814 4880 3072 4948 mobilis,
3100 4885 3278 4955 atque

1870 4970 2241 5029 Catholicum
2265 4972 2380 5027 hoc
2418 4969 2558 5025 ﬁdei
2588 4968 2830 5025 veridici
2860 4969 3191 5041 perhibent.

1800 5066 1890 5112 ON
1923 5060 2427 5127 substantiticum,
2457 5076 2657 5114 rerum
2686 5061 2708 5086 ”
2742 5064 2977 5125 ΤΥΠΟΣ,
3010 5054 3143 5114 idea
3173 5052 3389 5116 mundi

1872 5152 1979 5205 Per
2000 5149 2264 5221 seipsum
2292 5149 2532 5204 bonitas
2562 5152 2875 5221 permanet
2898 5154 3077 5221 atque
3108 5148 3285 5218 viget.

1800 5238 1922 5293 Hoc
1948 5252 2073 5292 non
2097 5241 2205 5305 est,
2231 5253 2339 5293 nec
2356 5238 2470 5292 hoc
2494 5241 2599 5304 est,
2623 5240 2813 5292 exstat
2832 5252 3043 5292 verum
3069 5242 3240 5289 ΘΕΟΣ
3256 5254 3460 5310 omne,

1872 5330 1999 5383 Non
2028 5326 2145 5393 hic,
2178 5342 2300 5383 non
2326 5326 2428 5397 ibi,
2458 5326 2565 5381 sed
2589 5330 2745 5381 totus
2770 5324 2848 5381 ad
2880 5342 3060 5383 omne
3086 5325 3260 5382 valet.

1802 5422 2033 5470 MHKOZ
2066 5421 2177 5468 ΚΑΙ
2205 5422 2517 5469 ΜΕΓΑΛΟΣ
2547 5416 2795 5468 ΜΙΚΡΟΣ
2842 5419 3088 5473 testatur
3128 5418 3460 5487 ΑΝΑΡΧΟΣ,

1874 5511 2109 5559 ΜΗΚΟΣ
2137 5505 2286 5562 dum
2310 5505 2532 5577 jugiter
2560 5503 2772 5561 intima
2796 5520 3040 5581 quaque
3064 5504 3235 5576 regit,

1804 5602 2054 5650 ΜΙΚΡΟΣ
2077 5596 2226 5652 dum
2254 5594 2519 5652 minimis
2549 5594 2797 5665 largitur
2853 5613 3035 5672 opem
3085 5601 3264 5669 atque
3312 5595 3467 5654 salu-

3191 5676 3361 5758 item.
