3878 6442
419 413 523 466 687

489 536 555 587 In
584 529 818 600 magnis
848 535 1159 582 ΜΕΓΑΛΟΣ
1188 529 1450 585 maxima
1475 528 1620 583 dum
1650 532 1901 597 vegetat.

421 621 512 678 Sic
542 619 798 689 magnis,
819 617 1052 685 mediis,
1075 618 1276 690 parvis
1298 621 1508 689 praeest
1533 633 1775 689 quoque
1806 629 2059 686 semper,

489 713 618 781 Ipse
648 706 990 762 individuus
1022 710 1176 761 totus
1198 705 1422 777 ubique
1447 722 1636 761 mens.

416 804 509 851 ΩΝ
527 800 721 848 APXEI
742 801 786 846 M
797 800 961 845 ΕΣΟΝ
976 801 1065 845 ΩΝ
1089 799 1303 845 ΤΕΛΟΣ
1316 800 1746 865 QN...,quoque
1769 797 2061 860 ΠΑΝΤΩΝ,

491 889 573 941 Ex
596 884 726 956 ipso
755 882 1039 954 quoniam
1070 882 1274 937 omnia
1302 898 1558 955 qumque
1580 881 1801 952 vigent.

417 979 623 1048 Ipsum
641 977 1083 1025 ΠΡΩΤΟΤΥΠΟΝ
1099 970 1348 1025 nihilum
1363 975 1708 1043 proteantur
1721 971 1739 989 ⁶
1760 968 2061 1039 eumdem,

492 1065 559 1118 Ut
589 1066 851 1133 stupeas,
906 1059 1106 1125 lector,
1148 1057 1505 1113 catholicum
1544 1059 1657 1113 hoc
1699 1072 2061 1113 memorans.

418 1148 982 1222 Imcomprensibilis
1006 1151 1221 1202 natura
1257 1145 1423 1217 quod
1452 1146 1610 1215 viget
1638 1146 1822 1214 omni,

491 1241 866 1308 Exsuperans
896 1234 1071 1308 plane
1103 1240 1359 1285 NOEPOE
1398 1238 1577 1306 atque
1599 1240 1835 1288 ΛΟΓΟΣ.

420 1326 529 1393 Qui
550 1326 696 1381 dum
724 1340 846 1380 non
886 1323 1004 1378 ullo
1036 1322 1284 1394 capitur,
1316 1322 1461 1377 nihil
1489 1322 1614 1394 ipse
1641 1328 1900 1377 vocatur.

489 1420 560 1470 At
587 1413 860 1486 quotiens
891 1416 1076 1484 paret,
1111 1411 1340 1467 ecce...‘
1367 1416 1740 1464 ΘΕΟΦΑΜῘΣ.

420 1506 502 1559 Ex
526 1502 712 1558 nihilo
741 1501 802 1556 in
832 1499 1122 1572 quiddam
1154 1515 1390 1570 semper
1433 1514 1801 1553 succrescere
1858 1499 2060 1565 fertur,

493 1592 768 1648 Scribunt
793 1591 905 1645 hoc
934 1589 1118 1644 nihilo
1148 1593 1361 1645 cuncta
1389 1594 1585 1644 creata
1615 1587 1810 1643 simul.

420 1681 565 1737 Hinc
595 1684 700 1745 est,
733 1678 897 1751 quod
922 1678 1179 1733 tenebrae
1206 1677 1516 1744 vocitatur,
1571 1677 1783 1732 dicitur
1834 1682 2010 1748 atque
2044 1694 2056 1731 :

491 1774 907 1822 ΨΛΑΣΜΙΣΤΗΣ
944 1767 1161 1822 etenim
1193 1766 1277 1821 sic
1308 1782 1473 1822 sacer
1500 1765 1773 1821 intonuit.

422 1859 581 1917 Sicut
610 1862 747 1913 sunt
774 1857 902 1926 ejus
933 1855 1209 1925 tenebrae,
1243 1854 1323 1910 sic
1355 1854 1557 1910 lumen
1588 1860 1644 1909 et
1672 1855 1821 1925 ejus,

490 1950 588 2003 Est
613 1944 882 2018 reprobis
914 1944 1168 1999 tenebrae
1198 1943 1402 1999 lumen
1433 1950 1490 1999 et
1510 1944 1635 2016 ipse
1667 1943 1890 2015 probis.

419 2041 567 2097 Cum
589 2054 653 2095 se
683 2034 764 2093 sic
794 2032 1056 2093 habeant
1081 2032 1202 2087 veri
1228 2032 1457 2102 digesta
1484 2032 1728 2098 ﬂuenta,

490 2128 646 2183 Ultro
677 2125 981 2198 concipias
1011 2137 1145 2179 ecce
1176 2137 1415 2176 necesse
1447 2120 1671 2175 subest.

416 2216 599 2273 Nullis
626 2231 738 2270 nos
769 2213 1007 2279 aminis,
1040 2210 1324 2283 nulloque
1355 2210 1554 2281 lepore
1577 2208 1837 2280 superbi,

487 2303 782 2360 Prteﬁnire
814 2305 931 2357 Deo
957 2300 1154 2371 judice
1180 2298 1325 2370 quid
1354 2297 1685 2369 proprium,
1929 2296 2060 2367 [fas.

417 2396 532 2449 Nec
557 2397 905 2464 promptum
932 2389 1234 2460 cuiquam,
1261 2402 1370 2441 nec
1390 2386 1639 2455 dignum
1668 2385 2062 2457 pandere,nec

490 2479 652 2548 Quis,
676 2477 892 2551 qualis,
920 2480 1181 2548 quantus
1213 2480 1446 2527 ΚΥΡΙοΣ
1484 2474 1531 2529 is
1552 2477 1793 2529 maneat

417 2568 660 2639 Dignius
683 2574 873 2636 oratu,
904 2565 1254 2637 meliusque,
1283 2564 1678 2637 propinquius
1710 2568 1887 2635 atque

489 2659 657 2712 Hunc
688 2663 886 2711 nectes
911 2654 1133 2720 animo,
1164 2670 1349 2725 purus
1376 2658 1432 2708 et
1459 2652 1583 2724 ipse
1615 2668 1883 2706 manens.

417 2746 583 2804 Orari
615 2744 807 2800 verbis
836 2743 1064 2799 devotis
1087 2742 1231 2810 vult,
1266 2741 1659 2814 placidisque,

487 2833 710 2904 Largiri
729 2832 934 2897 facilis,
963 2831 1168 2886 cedere
1186 2835 1499 2902 promptus
1526 2829 1714 2884 adest.

414 2924 512 2978 His
538 2938 678 2992 ergo
708 2919 967 2976 modulis
989 2918 1298 2974 credendis
1318 2916 1761 2988 veridiscisque,

484 3011 823 3083 Amplector
851 3008 1020 3075 votis,
1054 3007 1347 3063 continuis
1374 3006 1669 3078 precibus.

414 3100 749 3168 Ingenitum
772 3101 1003 3153 Patrem
1031 3111 1188 3163 vere,
1224 3094 1500 3150 Sobolem
1533 3094 1934 3165 genitamque,

485 3191 748 3243 Pneuma
773 3186 851 3240 ab
878 3190 1129 3256 utroque
1160 3184 1350 3238 ﬂuens
1380 3182 1581 3238 fomite
1611 3182 1903 3238 sensiﬁco.

417 3276 631 3333 Omnia
661 3275 756 3330 cui
782 3289 917 3346 quae
945 3277 1080 3327 sunt
1110 3271 1286 3340 digne
1315 3271 1666 3343 profitentur
1694 3276 1960 3341 ovanter,

487 3368 555 3419 Et
577 3364 725 3433 regit
754 3362 1003 3433 imperio
1033 3376 1211 3416 omne
1242 3360 1405 3431 quod
1437 3364 1524 3415 est
1550 3361 1807 3431 proprio.

414 3455 521 3509 Ter
550 3451 661 3508 tria
681 3466 862 3522 quem
892 3448 1049 3503 caelis
1071 3447 1433 3503 conlaudant
1462 3447 1705 3516 agmina
1732 3464 1986 3520 semper,

487 3543 675 3607 Quem
702 3537 1017 3594 recolendo
1040 3542 1281 3604 canunt,
1304 3554 1485 3609 quem
1502 3537 1843 3591 venerando
1861 3537 2062 3594 colunt

414 3631 600 3695 Quem
621 3627 1094 3701 patriarcharum
1148 3625 1479 3695 clangendo
1520 3632 1706 3680 castus
1755 3626 1813 3680 in
1846 3643 2058 3694 unum,

482 3717 830 3772 Exhilarans
859 3714 1008 3769 odas
1037 3712 1295 3768 concinit
1322 3713 1486 3767 haud
1519 3713 1805 3769 modicas.

409 3804 656 3861 Veridici
696 3808 859 3859 vates
885 3802 981 3857 cui
1014 3805 1300 3874 promunt
1325 3806 1583 3872 syrmate
1614 3801 1840 3869 laudes,

482 3892 770 3964 Alloquiis
792 3890 975 3946 sacris
997 3906 1131 3962 quae
1155 3889 1419 3945 cecinere
1445 3890 1663 3959 vigent.

412 3982 599 4046 Quem
630 3979 913 4034 duodena.
936 3977 1201 4049 phalanx
1229 3977 1561 4033 recolens...
1594 3980 1618 4007 *
1650 3983 1984 4049 veneratur,

484 4067 697 4124 Omnia
727 4066 1069 4135 contemnit,
1100 4072 1277 4138 atque
1305 4065 1611 4138 sequendo
1641 4065 1795 4122 colit.

414 4159 601 4223 Quem
640 4156 873 4212 testium
916 4156 1304 4211 innumerosa
1330 4156 1545 4211 cohors
1577 4160 1867 4213 aeternum
1919 4173 2056 4212 con-

1532 4242 1693 4314 [cinit
1719 4244 1978 4316 hymnis.

480 4340 561 4391 Ac
579 4335 792 4407 jubilat
819 4339 1084 4403 gratans,
1108 4333 1359 4388 verbera
1389 4332 1720 4405 despiciens

409 4424 764 4496 Virginitatis
792 4440 965 4495 apex,
999 4438 1069 4477 ex
1097 4438 1219 4493 quo
1249 4422 1544 4476 sumendo
1574 4421 1870 4477 decorem.

481 4513 809 4586 Conspicue
835 4510 1125 4578 modulat,
1159 4510 1403 4565 mirifice
1432 4510 1659 4566 reboat.

409 4604 595 4669 Quem
634 4602 852 4658 coelum
883 4616 1082 4672 supra,
1125 4599 1297 4656 tellus
1329 4615 1509 4671 quem
1559 4599 1766 4656 laudat
1794 4604 1851 4655 et
1877 4599 2049 4657 infra.

476 4694 735 4764 Quasque
766 4690 1055 4747 elementa
1082 4689 1362 4757 serviunt,
1394 4691 1554 4745 hunc
1584 4689 1929 4745 venerando
1959 4706 2055 4746 co-

1767 4778 1941 4849 [lunt.

406 4866 577 4934 Quod
610 4872 789 4924 restat
845 4868 1165 4942 siquidem,
1219 4867 1506 4939 quodque
1555 4864 1733 4920 instat
1782 4865 2055 4921 conditor

1743 4952 1977 5022 [almus,

474 5043 715 5115 Respice
745 5044 1054 5117 propitius,
1088 5057 1315 5115 quzeso,
1346 5038 1556 5094 favens
1585 5040 1881 5109 precibus.

400 5132 702 5187 Presentes
724 5148 938 5204 operas
969 5130 1265 5186 miserans
1296 5141 1610 5196 compone,
1643 5143 1976 5199 precamur,

471 5222 539 5275 Et
568 5235 778 5275 sensus
809 5219 1097 5283 cumules,
1123 5230 1349 5286 oraque
1379 5213 1710 5271 fructifices.

294 5353 300 5361 .
398 5306 692 5362 Richardo
723 5307 956 5360 titulum
983 5304 1153 5359 celsae
1181 5315 1538 5372 componere
1567 5302 1780 5371 laudis,

473 5395 647 5462 Urget
682 5393 976 5457 materies,
1010 5395 1187 5461 atque
1211 5394 1449 5445 coarcat
1475 5407 1664 5447 amor.

399 5481 511 5546 Qui
541 5480 644 5535 tibi
675 5478 961 5533 miriﬁcus
985 5477 1168 5547 viguit
1196 5494 1301 5549 per
1330 5479 1545 5535 saecula
1567 5495 1792 5548 servus,

469 5569 658 5623 Omne
688 5565 919 5621 malum
948 5566 1204 5633 calcans,
1227 5584 1404 5623 omne
1426 5567 1656 5623 bonum
1685 5568 1975 5626 relevans.

471 5651 826 5710 Imitabilcm
852 5654 1007 5710 enim
1034 5671 1174 5711 vero
1199 5657 1419 5712 meritis
1469 5656 1881 5713 excellentium
1936 5658 2044 5716 du-

396 5759 537 5801 cum
577 5743 881 5815 agoniam,
936 5743 1214 5800 benivolo
1266 5750 1660 5801 sacrosanctae
1699 5745 2039 5806 intentionis

393 5832 698 5909 proposito
751 5831 1057 5905 multiplici
1115 5837 1253 5889 actu
1307 5832 1543 5906 pridem
1627 5834 2028 5913 exercitatam,

1380 406 1686 462 DUDONIS
1725 403 1979 461 DFCANI
2015 402 2071 456 S.
2114 402 2420 467 QUINTINI
2457 402 2842 462 VIROMAND.
3741 409 3817 462 688

2093 538 2139 590 Α
2168 540 2498 599 eorumque
2526 526 2786 597 insignia
2806 526 2982 583 bonis
3011 526 3448 583 intentionibus
3515 526 3734 584 sedulo
3758 529 3817 584 in~

2170 613 2504 670 sistentium
2534 631 2719 687 opera
2740 615 3039 689 praecipue
3068 614 3465 671 omnifariam
3503 616 3814 688 praedigna,

2171 717 2409 758 cassum
2440 708 2527 759 est
2557 703 2871 772 silentiare,
2904 704 3053 777 quin
3083 709 3410 759 exarentur
3447 709 3653 777 prout
3679 721 3813 777 posse

2170 789 2466 847 elucidata
2499 796 2833 865 :quatenus
2862 792 3317 848 succedentium
3344 793 3681 849 memoriae
3724 795 3817 866 api-

2169 878 2338 935 cibus
2366 881 2696 951 enucleata,
2726 881 3049 937 informent
3078 886 3137 937 et
3161 882 3472 937 instruant
3506 882 3598 938 ad
3645 882 3817 938 melius

2170 968 2404 1025 animos
2441 969 2609 1041 fruge
2641 969 2963 1038 salutifera,
2995 974 3051 1025 et
3077 984 3153 1025 ex
3179 970 3274 1025 his
3306 969 3528 1026 solerti
3592 971 3820 1027 conami-

2127 1083 2133 1090 -
2170 1073 2243 1112 ne
2272 1059 2592 1115 metiantur
2619 1060 2804 1115 vitam
2834 1060 3171 1126 honestam,
3202 1064 3387 1132 atque
3416 1059 3627 1131 hujus
3648 1077 3819 1133 specu-

2168 1145 2404 1203 lationis
2453 1149 2725 1223 exemplo
2784 1148 3094 1204 beatitudo
3156 1148 3522 1221 acquiratur
3618 1149 3819 1206 feliciter

2170 1240 2409 1291 aeterna.
2441 1237 2730 1303 Quocirca
2755 1236 3173 1307 benignissimi
3221 1236 3397 1293 ducis
3449 1238 3742 1295 Richardi
3767 1238 3819 1292 vi-

2173 1327 2292 1378 tam
2320 1326 2762 1394 aggrediamur,
2794 1325 3006 1381 hebete
3032 1326 3168 1382 licet
3197 1326 3379 1398 stylo,
3409 1327 3528 1400 qui
3569 1328 3634 1384 in
3664 1342 3821 1383 sacro-

2174 1418 2357 1468 santae
2380 1414 2650 1470 Ecclesia:
2681 1419 2852 1487 prato
2892 1414 3093 1470 ﬂoruit
3139 1415 3479 1487 praedignis
3548 1416 3820 1491 operibus,

2171 1502 2437 1557 emicans
2463 1507 2527 1558 ut
2556 1503 2721 1558 sidus
2754 1503 2816 1558 in
2869 1503 3041 1558 coelo.
3097 1506 3366 1559 Donetur
3422 1505 3626 1561 nobis
3681 1504 3820 1561 etiam

2172 1590 2299 1660 ejus
2329 1591 2550 1647 meritis
2568 1591 2753 1647 vitam
2774 1590 2928 1647 illius
2953 1596 3292 1648 reverenter
3319 1593 3671 1666 propalare
3701 1612 3714 1661 ;
3750 1594 3821 1664 qui

2172 1695 2411 1733 summa
2462 1679 2808 1747 reverentia,
2867 1695 3277 1752 summunque
3322 1679 3529 1737 decus
3592 1681 3818 1738 Ecclesia

2170 1767 2402 1823 exstitit.
2440 1770 2507 1823 Ut
2537 1769 2707 1838 cujus
2735 1767 2929 1823 tutela:
2952 1772 3008 1823 et
3030 1767 3309 1823 beneﬁcii
3338 1769 3688 1827 salubriter
3712 1770 3821 1825 {me-

2171 1855 2390 1910 bamur
2416 1856 2746 1928 patrocinio
2775 1856 2836 1911 in
2867 1855 3057 1923 terris,
3087 1856 3218 1927 ejus
3242 1857 3549 1928 precibus
3577 1864 3638 1916 et
3689 1857 3818 1914 meri

2173 1944 2246 1998 tis
2278 1950 2668 2017 protegamur
2696 1944 3142 2001 defensabiliter
3165 1945 3245 2001 ab
3276 1946 3819 2020 importunitatibus

2173 2033 2419 2089 cunctis.

2244 2122 2422 2192 Igitur
2445 2121 2797 2177 venerabilis
2834 2122 2968 2177 vita
3022 2121 3359 2178 Richardus
3410 2124 3555 2181 dux
3616 2122 3823 2194 insignis

2174 2210 2477 2265 memoriae
2516 2210 3114 2282 prtepotentissimus,
3162 2217 3531 2286 sancteque
3584 2213 3822 2271 recorda-

2174 2300 2347 2354 tionis
2378 2300 2660 2371 patricius
2691 2299 3110 2367 nitidissimus,
3143 2305 3329 2372 atque
3362 2302 3823 2360 rememorandze

2174 2387 2554 2457 benignitatis
2587 2388 2857 2443 marchio
2902 2388 3375 2457 famosissimus,
3441 2392 3823 2463 insignissimo

2173 2476 2486 2531 luculentte
2519 2482 2575 2532 et
2604 2476 2990 2532 nobilissimae
3021 2478 3324 2550 prosapiae
3385 2482 3639 2538 semine
3694 2495 3822 2537 exor-

2175 2567 2288 2629 tus,
2318 2580 2441 2635 qua
2472 2563 2713 2632 Belgicre
2744 2565 3001 2618 Francite
3031 2564 3287 2620 extimos
3320 2569 3675 2640 exporrigit
3718 2574 3827 2623 trac-

2175 2657 2268 2706 tus
2298 2652 2480 2706 maris
2508 2651 2718 2707 afﬁnes
2750 2651 3046 2707 Calcensis
3071 2667 3299 2724 pagus,
3333 2655 3634 2713 Fiscanni
3688 2654 3824 2713 castri

2174 2740 2415 2809 muenia,
2475 2755 2736 2812 ruraque
2776 2740 3056 2810 genitalia
3116 2757 3292 2797 sacro
3341 2745 3691 2802 nativitatis
3735 2760 3824 2799 sua

2174 2830 2418 2885 exordio
2442 2829 2643 2884 beavit
2672 2828 2981 2883 oriundus.
3017 2829 3202 2899 Cujus
3230 2836 3506 2888 matrem
3539 2841 3715 2906 pater
3736 2834 3823 2887 diu

2176 2918 2493 2973 Willelmus
2515 2922 2570 2973 et
2598 2921 2825 2989 martyr
2854 2916 3326 2987 gloriosissimus
3369 2920 3735 2980 felicissimo
3770 2923 3824 2993 pi-

2174 3022 2358 3077 gnore
2412 3005 2742 3078 gravidam,
2796 3021 2866 3060 ac
2915 3005 3200 3078 adoptivo
3244 3006 3581 3067 illustrataa
3643 3011 3821 3067 sobolis

2173 3098 2348 3166 partu
2378 3099 2656 3166 expertus
2687 3092 3030 3163 fecundam,
3063 3096 3373 3151 transvehi
3422 3099 3580 3157 fecit
3633 3101 3823 3158 decent

2174 3182 2480 3252 insigniter
2509 3183 2777 3254 equitatu
2803 3181 2881 3236 ad
2910 3182 3273 3238 Fiscannicaa
3302 3186 3477 3241 sedis
3509 3189 3728 3245 aulam
3752 3207 3763 3242 :
3788 3192 3824 3240 ut

2174 3272 2221 3326 Si
2252 3272 2397 3327 forte
2429 3271 2653 3327 Riulfus
2675 3273 2949 3326 omnium
3000 3271 3348 3328 belluarum
3388 3277 3826 3334 crudelissimus

2172 3358 2650 3415 Northmannicae
2704 3358 2965 3428 regionis
3014 3360 3453 3418 monarchiam
3507 3381 3665 3423 cum
3737 3366 3823 3419 suis

2171 3448 2564 3520 complicibus
2644 3446 2757 3502 sibi
2843 3446 3189 3516 vindicaret,
3280 3455 3349 3506 ut
3431 3455 3827 3511 aestimabam:

2169 3554 2243 3593 ne
2268 3553 2402 3592 eam
2430 3540 2681 3608 raperet,
2714 3534 2794 3591 ad
2835 3535 3060 3605 Anglos
3112 3537 3286 3593 citius
3327 3543 3825 3601 transfretaretur.

2170 3626 2268 3682 Die
2299 3641 2562 3697 namque
2593 3640 2714 3696 quo
2736 3623 2887 3679 inter
2915 3624 3289 3681 Willelmum
3348 3628 3599 3688 ducem
3655 3632 3828 3689 emeri-

2169 3720 2317 3781 tum,
2369 3714 2747 3785 Riulfumque
2800 3712 3192 3769 multifariam
3267 3714 3735 3789 blasphemum
3798 3734 3829 3771 er:

2170 3805 2500 3877 perjurum,
2576 3807 2642 3857 ut
2698 3801 3056 3857 recensitum
3105 3808 3213 3873 est,
3270 3806 3513 3864 exstitit
3560 3811 3825 3884 praelium.

2166 3900 2443 3949 matrona
2470 3891 2824 3947 venerabilis
2879 3891 3057 3947 enixa
3113 3892 3269 3947 divae
3329 3901 3675 3957 memoriae
3726 3916 3829 3972 pue

2166 3998 2322 4050 rum,
2357 3981 2515 4037 misit
2542 3979 2872 4053 quemdam
2892 3980 3148 4036 tironem
3174 3983 3432 4039 nomine
3468 3988 3821 4046 Fulcardun;

2168 4076 2230 4125 ut
2240 4069 2517 4142 proderet
2531 4069 2669 4124 duci
2690 4068 2979 4124 Willelmo
2998 4076 3410 4142 praeoptatum
3426 4078 3669 4145 genitae
3687 4078 3829 4151 prob

2167 4159 2505 4229 negocium.
2540 4157 2827 4214 Willelmo
2854 4174 2996 4214 vero
3021 4175 3163 4214 cum
3202 4176 3308 4215 ccc
3356 4164 3575 4233 potito
3622 4170 3827 4224 victos:

2165 4248 2239 4303 de
2268 4248 2547 4311 inimicis,
2570 4252 2627 4303 et
2676 4263 2782 4319 per
2836 4247 3024 4320 praelii
3076 4254 3324 4320 pratum
3370 4255 3603 4326 tepido
3660 4271 3829 4314 crucis

2164 4337 2447 4393 infectum
2479 4337 2788 4410 equitanti,
2820 4336 3127 4409 milliaque
3178 4339 3455 4397 millium
3502 4348 3825 4403 exanimus

2164 4430 2459 4499 prostrata
2488 4426 2756 4492 intuenti,
2789 4430 2968 4497 atque
2997 4442 3211 4496 regum
3250 4430 3406 4498 Regi
3439 4442 3663 4502 grates
3718 4452 3830 4508 prae

2164 4516 2463 4571 maximas
2487 4519 2787 4585 gratanter
2814 4514 3109 4587 referenti,
3131 4515 3374 4585 legatus
3408 4530 3592 4581 natae
3643 4523 3828 4583 soboa

2166 4604 2451 4675 gaudium
2484 4604 2849 4660 denuntians
2880 4603 3091 4660 adfuit.

2792 4754 3157 4794 APOSTROPHA
3167 4780 3180 4794 .

2163 4865 2206 4920 Ο
2236 4878 2471 4935 semper
2498 4862 2740 4918 meritos
2770 4860 2871 4918 tali
2896 4861 2971 4917 de
3002 4862 3171 4935 prole
3196 4871 3537 4936 parentes,

2163 4951 2344 5022 Cujus
2370 4951 2429 5006 in
2457 4954 2665 5006 exortu
2692 4965 2944 5021 superos
2974 4949 3245 5020 ingentia
3269 4952 3478 5024 cives,

2159 5038 2504 5107 Terrigenas
2534 5038 2754 5111 pariter
2783 5038 3113 5110 perﬂarunt
3142 5038 3383 5107 gaudia
3416 5044 3667 5116 plures.

2158 5128 2408 5183 Caelicus
2438 5128 2588 5183 ordo
2610 5126 2812 5182 hilaris
2844 5131 3008 5182 tanto
3040 5128 3287 5182 concive
3312 5129 3573 5206 futuro,

2159 5216 2471 5271 Humanus
2500 5216 2746 5272 meritus
2779 5218 3046 5285 gratatur
3067 5215 3273 5285 judice
3309 5233 3531 5279 sacro.

2159 5303 2327 5360 Orbis
2350 5303 2465 5358 sub
2495 5303 2666 5373 cujus
2694 5319 2930 5375 semper
2958 5303 3391 5363 moderamine
3426 5310 3645 5383 laetus,

2156 5391 2509 5464 Tranquillae
2538 5392 2703 5464 pacis
2736 5390 3049 5463 praedigna
3076 5391 3217 5449 dote
3247 5392 3527 5455 fruetur.

2224 5484 2385 5537 Tunc
2414 5480 2536 5535 dux
2563 5480 2773 5550 merito
2804 5479 3276 5548 famosissimus,
3306 5495 3585 5556 peracto
3605 5491 3825 5548 mirati,

2151 5569 2421 5645 trophmo
2450 5568 2653 5624 hilaris
2677 5572 2732 5624 et
2761 5568 2955 5635 laetus,
2986 5567 3305 5643 laetiorque
3329 5580 3495 5632 nato
3533 5579 3787 5637 herede
3808 5593 3827 5627 z.

2152 5673 2496 5720 successore
2520 5657 2783 5723 effectus,
2812 5655 2978 5712 misit
3006 5658 3291 5716 Hericum
3354 5680 3643 5725 summae
3700 5686 3825 5724 rea:—

2148 5749 2356 5813 rentiae
2386 5745 2841 5815 Bajocacensem
2867 5744 3249 5818 episcopum,
3269 5754 3328 5806 et
3358 5752 3733 5814 Bothonem
3757 5758 3823 5812 ti.

2149 5859 2293 5910 mus
2318 5850 2442 5891 suae
2468 5833 2687 5890 militiae
2710 5832 2920 5907 palma
2937 5834 3246 5906 majorem
3263 5842 3324 5895 et
3343 5846 3785 5919 praecipuum,
3799 5862 3825 5896 2.;
