3878 6380
71 256 160 309 689
532 258 621 312 DE
662 258 899 315 GESTIS
938 260 1367 318 NORMANNIIE
1408 262 1643 317 DUCUM
1682 260 1862 353 LIBRI
1902 262 2095 318 TRES.
2140 295 2208 305 —-
2240 266 2369 321 LIB.
2399 268 2488 322 III.
2531 267 2958 325 RICHARDUS.

3354 270 3457 324 690

68 375 343 431 salutilerte
370 378 534 448 pacis
566 397 820 451 puerum
855 386 1215 441 sacrosancti
1256 386 1369 441 olei
1398 385 1683 441 chrisma-
1720 390 1765 439 A
1804 384 2155 454 intelligens,
2188 392 2545 460 aetatemque
2584 390 2843 445 infantiae
2898 390 3459 446 incrementabiliter

64 464 233 535 tisque
272 464 494 535 liquore
540 467 847 537 insigniter
892 470 1267 539 innovatum,
1300 475 1482 547 typici
1530 474 1689 528 lava-

62 556 134 609 cri
162 557 726 629 regenerationisque
766 558 926 615 fonte
979 562 1249 618 delutum
1296 564 1685 637 susciperent,

60 644 347 699 vocitando
417 646 797 703 Ricbardum.
874 650 983 714 Qui
1052 652 1233 721 hujus
1296 652 1687 725 expeditionis

60 733 317 789 mandato
378 734 599 799 hilaris,
677 738 1021 810 nimniaque
1078 740 1371 797 Fiscanna
1428 746 1685 814 praepete

58 822 298 892 equitatu
326 824 759 894 aggredientes,
794 843 828 881 a
855 827 1011 882 clero
1042 830 1389 901 populoque
1430 829 1685 902 suscepti

57 916 198 975 sunt,
229 914 562 968 monasticis
596 915 775 969 rebus
808 919 1155 989 praeparatis
1186 924 1536 976 reverenter.
1592 922 1685 975 Se-

54 1001 240 1071 quenti
267 1018 523 1073 namque
555 1003 649 1058 die
683 1005 856 1059 totius
888 1006 1044 1061 clero
1059 1008 1401 1079 provinciae,
1426 1008 1681 1080 populo-

51 1106 158 1159 que
188 1106 349 1144 sexus
380 1092 687 1163 utriusque
720 1095 964 1164 praenati
993 1097 1261 1167 pusuonis
1307 1097 1681 1170 baptismatis

51 1178 420 1245 gratulatione
462 1181 730 1253 undique
777 1200 949 1239 secus
998 1185 1369 1253 adveniente,
1419 1186 1680 1257 mysticae

49 1268 347 1323 ablutionis
369 1269 682 1326 benedicto
713 1272 871 1329 fonte
911 1274 987 1329 ab
1015 1276 1261 1330 Henrico
1288 1276 1681 1331 reverentissi-

49 1375 141 1412 mo
191 1359 553 1429 Bajocacensi
602 1363 875 1433 praesule,
927 1381 1065 1419 cum
1114 1366 1337 1421 caeteris
1386 1366 1681 1438 episcopis

48 1446 190 1500 illius
217 1450 392 1514 terrea,
428 1455 840 1517 regeneratum
872 1451 1176 1508 salutifera
1229 1453 1393 1508 trime
1442 1454 1679 1509 immer-

47 1536 216 1590 sionis
255 1536 658 1603 inundatione,
718 1540 991 1612 sacrique
1050 1542 1388 1597 chrismatis
1436 1543 1679 1613 insigni-

47 1630 161 1679 tum
188 1630 432 1692 nectare,
476 1627 820 1700 deiﬁcaaque
852 1629 1142 1686 Trinitatis
1196 1632 1459 1698 nomine,
1503 1637 1685 1687 veter-

1803 475 2219 529 transcendere
2303 492 2442 530 eum
2509 478 3012 544 animadvertens,
3083 479 3458 550 amplexatus

1799 578 1937 617 eum
1989 564 2341 629 amabiliter,
2389 569 2443 620 et
2495 567 2803 621 osculatus
2842 568 3108 635 dulciter,
3144 568 3330 622 tribus
3363 584 3460 623 co-

1800 652 2040 706 mitibus
2068 670 2248 724 supra
2290 654 2635 709 memoratis
2666 655 2774 710 fari
2824 656 3020 726 coepit,
3070 657 3235 726 quod
3278 657 3457 713 corde

1796 740 1897 794 diu
1925 740 2173 796 rimatus
2200 747 2285 797 est
2316 742 2572 797 referens
2603 761 2614 797 :
2648 766 2673 790 ‹‹
2710 746 2911 798 Vestro
2942 740 3209 809 consilio,
3242 744 3456 815 inquit,

1795 828 1909 884 hoc
1962 846 2214 897 regnum
2263 836 2497 886 strenue
2546 849 2735 903 usque
2770 832 2950 887 modo
2982 832 3141 898 rcxi;
3194 832 3456 888 Britones

1796 922 2000 973 contra
2023 936 2117 974 me
2151 920 2397 974 rebelles
2423 920 2711 976 hostiliter
2740 921 2930 976 devici
2958 939 2969 988 ;
3003 937 3275 993 paganos
3320 937 3458 976 nos-

1794 1011 2018 1062 trorum
2053 1008 2262 1063 finium
2305 1026 2653 1081 pervasores
2679 1010 2992 1079 redargui;
3045 1010 3455 1079 Flandrenses,

1791 1100 2153 1167 creterasque
2199 1102 2402 1161 gentes
2452 1097 2511 1152 in
2559 1098 2843 1153 afﬁnitate
2892 1103 3108 1153 nostra:
3152 1098 3459 1170 potestatis

1792 1192 2331 1241 commemorantes
2359 1188 2642 1242 audacter
2674 1188 2885 1256 subegi
2925 1206 2935 1241 :
2994 1188 3136 1259 quin
3189 1189 3367 1243 etiam
3407 1182 3459 1243 si

1790 1274 1936 1345 quid
1964 1274 2102 1328 boni
2135 1280 2414 1346 operatus
2457 1293 2609 1339 sum,
2638 1281 2834 1330 vestra
2863 1276 3301 1344 benignissima
3353 1293 3455 1331 ex-

1790 1362 2124 1418 hortatione
2148 1370 2389 1419 coactus
2431 1365 2650 1420 blande
2676 1364 3005 1436 leniterque
3034 1365 3256 1435 peregi.
3289 1368 3457 1420 Nunc

1791 1466 1929 1506 vero
1960 1467 2031 1505 ex
2083 1452 2196 1507 hoc
2241 1453 2405 1523 quod
2441 1453 2657 1507 molior
2685 1468 2881 1521 agere,
2931 1468 3253 1507 assensum
3299 1468 3452 1523 prte-

1792 1538 1925 1593 bete
1952 1539 2097 1594 mihi
2126 1558 2138 1607 ;
2171 1540 2314 1611 quia
2345 1557 2523 1595 omne
2555 1556 2807 1609 regnum
2833 1540 3208 1595 hrrreditario
3241 1556 3452 1596 carens

1793 1629 2039 1684 domino
2071 1629 2374 1685 desolatur
2404 1635 2458 1685 et
2487 1630 2789 1699 dividitur,
2822 1634 2877 1685 et
2898 1629 3216 1684 seditiones
3241 1646 3455 1702 quam-

48 1714 165 1769 rimi
198 1715 447 1769 hominis
477 1716 721 1789 dempto
760 1718 1058 1790 squalore,
1091 1721 1413 1792 praedictus
1464 1720 1682 1792 praesul
1718 1741 1756 1793 Β
1794 1718 2084 1790 plurimae,
2132 1720 2395 1790 rixaeque
2445 1719 2749 1788 inauditae,
2800 1718 3196 1790 implacabilis
3253 1720 3452 1792 queri-

46 1822 170 1859 zum
204 1806 455 1859 Bothone
486 1807 699 1861 comite
733 1809 993 1880 suscepit
1022 1825 1278 1880 puerum
1322 1810 1682 1867 Richardum

45 1894 288 1959 nomine,
320 1893 392 1947 de
426 1895 609 1949 sancti
660 1896 882 1952 lavacri
930 1898 1361 1969 purificatione.
1402 1900 1498 1954 His
1544 1915 1681 1954 vero

46 2000 167 2037 311m
218 1999 433 2052 magna
481 1985 808 2041 reverentia
846 1988 1123 2058 peractis,
1171 1988 1447 2060 cleroque
1496 1991 1681 2043 Deum

46 2071 397 2126 tollaudante
431 2088 611 2143 super
629 2073 781 2128 duce
803 2080 964 2144 nato,
997 2077 1467 2145 regredientibus
1490 2092 1681 2148 popu-

50 2178 220 2215 orum
254 2161 476 2226 turmis,
512 2162 730 2232 praesul
761 2179 900 2218 cum
931 2165 1195 2220 Bothone
1224 2166 1581 2221 renuntiavit
1604 2165 1680 2220 de

44 2265 212 2303 )uero
238 2264 368 2320 quae
398 2254 565 2317 gesta
592 2255 728 2305 sunt
756 2251 1043 2308 Willelmo
1072 2254 1229 2309 duci.

652 2355 1035 2396 APOSTROPHA.

306 2425 478 2494 Felix,
512 2442 548 2481 ο
578 2427 857 2481 meritum
886 2428 988 2484 fati

302 2514 524 2583 Insigni
557 2520 723 2586 patre
748 2521 1079 2589 matreque,

302 2602 544 2657 Infantis
577 2603 806 2659 celebre
836 2606 1008 2668 sacri,

302 2690 574 2746 Richardi
609 2708 851 2763 quoque
882 2694 1144 2749 nomine.

301 2780 481 2849 Cujus
512 2780 868 2851 puriﬁcatio,

300 2870 366 2923 Et
396 2869 568 2939 cujus
600 2870 907 2925 renovatio

300 2957 361 3011 In
394 2957 579 3028 patris
612 2958 845 3013 Domini
878 2959 999 3028 Dei,

300 3049 369 3100 At
399 3047 579 3115 hujus
613 3046 842 3102 Sobolis
877 3048 995 3119 Dei,

302 3136 461 3192 Sacri
494 3136 771 3191 Flammis
798 3141 854 3192 et
884 3138 984 3193 Dei
1017 3157 1029 3194 :

304 3224 486 3279 Unius
514 3228 713 3279 tamen
746 3229 802 3280 et
830 3226 951 3295 Dei,

298 3312 427 3368 Veri
453 3314 697 3368 nomine
729 3315 978 3387 perpeti.

300 3403 503 3458 Castro
534 3401 691 3457 facta
715 3402 1024 3459 decentius

297 3491 340 3545 Ο
374 3490 658 3545 Fiscanne
689 3495 812 3558 tuo,
847 3491 1033 3547 maris

296 3582 482 3651 Prope
512 3579 708 3635 littora
736 3581 901 3652 quod
933 3581 1108 3649 viget.

296 3670 513 3723 Omnes
536 3668 800 3740 undique
832 3668 1097 3739 clericos,

294 3757 497 3813 Plebes
527 3763 582 3813 et
610 3758 868 3831 populos
900 3759 1045 3815 sciat
1079 3758 1215 3830 [ciat
1246 3760 1337 3815 vel
1367 3757 1521 3830 ciet],

297 3850 508 3903 Sacros
535 3852 598 3903 ut
621 3847 845 3919 jubilos
875 3847 1025 3904 ferat

292 3936 465 4007 Patri,
493 3942 549 3993 et
578 3936 912 4005 verbigenae
946 3940 1062 3993 Deo

292 4028 468 4082 Partu
496 4026 760 4095 virgineo
793 4027 971 4093 edito,

295 4157 309 4171 .
346 4159 358 4171 .
396 4158 408 4170 .
442 4115 719 4184 Flamine,
740 4133 878 4171 cum
906 4132 1095 4172 sacro.

50 4208 399 4264 Transacta
451 4204 708 4277 denique
760 4204 1019 4260 duarum
1076 4205 1363 4260 horarum
1415 4204 1666 4260 interca-

38 4298 221 4353 rdine
281 4293 777 4366 mirabilibusque
833 4294 1213 4349 incrementis
1279 4298 1667 4363 augmentato

37 4382 308 4443 'ofusius
338 4383 630 4439 Richardo
680 4384 926 4453 infante,
954 4383 1131 4456 ccepit
1176 4383 1301 4439 dux
1332 4383 1666 4439 Willelmus

37 4496 47 4531 ε
116 4472 305 4541 regni
367 4472 689 4528 commodo
757 4473 1069 4529 salubriter
1135 4476 1403 4540 tractare,
1471 4471 1666 4544 deque

38 4569 68 4622 .i
105 4562 467 4619 ducaminis
498 4578 842 4618 successore
873 4562 1121 4634 cupiens
1147 4561 1473 4634 adimplere
1501 4560 1668 4634 quod

37 4651 360 4710 ilvebatur
386 4652 445 4706 in
476 4652 607 4721 ejus
655 4652 853 4707 corde.
885 4652 1069 4722 Hujus
1116 4652 1318 4723 itaque
1360 4650 1667 4719 cogitatio-

38 4763 67 4799 s
108 4738 465 4797 diutissime
496 4744 552 4795 et
598 4740 808 4795 acriter
856 4740 1355 4795 sollicitudinibus
1404 4739 1666 4809 exagita-

37 4853 94 4901 s,
136 4829 440 4901 omnique
471 4829 765 4885 desiderio
794 4830 1007 4885 intueri
1056 4828 1368 4899 diligenter
1411 4829 1667 4898 gestiens

40 4926 166 4995 jus
203 4918 588 4986 valetudinis,
619 4920 867 4990 cujusve
917 4918 1241 4990 sospitatis,
1295 4919 1443 4990 quin
1489 4918 1669 4973 etiam

37 5013 305 5069 escente
345 5012 515 5064 mtate
567 5010 740 5079 cujus
786 5008 995 5063 formae
1044 5007 1135 5062 vel
1176 5006 1373 5079 qualis
1430 5010 1669 5062 staturae

38 5100 323 5171 optatus
366 5096 521 5151 ﬁlius
569 5096 744 5152 fuerit
799 5114 942 5151 suus
989 5095 1337 5159 Richardus,
1384 5094 1542 5150 misit
1570 5095 1674 5150 do-

38 5194 278 5258 igenas
312 5185 519 5238 secreti
564 5185 656 5240 sui
705 5184 997 5253 conscios,
1053 5187 1116 5237 ut
1158 5182 1238 5237 ad
1283 5181 1486 5237 villam
1534 5199 1670 5255 quae

38 5280 213 5334 titur
250 5273 530 5329 Chevillei
562 5274 719 5329 clam
765 5275 1195 5345 deportaretur.
1247 5272 1447 5329 Delato
1494 5272 1672 5343 igitur

37 5365 225 5423 'ante
259 5362 341 5417 ad
396 5361 695 5432 prwdictae
748 5363 897 5418 villae
950 5363 1173 5431 locum,
1224 5362 1669 5435 assumptisque

37 5459 174 5512 bus
209 5449 355 5503 ﬁdis
389 5450 717 5504 secretariis
749 5451 898 5519 suis,
932 5451 1255 5515 Bernardo,
1302 5452 1565 5507 Bothone
1614 5456 1669 5508 et

44 5540 231 5604 slec,
268 5534 571 5605 profectus
600 5542 691 5591 est
717 5538 842 5593 dux
872 5538 949 5593 ad
982 5555 1141 5594 eum.
1193 5542 1381 5605 Quem
1424 5540 1553 5614 ipse
1583 5541 1670 5596 di-

37 5622 283 5688 gntius
324 5624 582 5691 intuens,
629 5632 686 5681 et
715 5644 1008 5700 compage
1055 5630 1466 5687 membrorum
1513 5630 1669 5687 illius

37 5714 288 5782 ,anus
320 5716 647 5782 attrectata,
703 5722 883 5789 prout
927 5718 1115 5775 tetatis
1161 5724 1289 5776 erat
1332 5720 1662 5777 formosum

1793 1807 1996 1861 monia
2026 1806 2427 1879 multipliciter
2457 1812 2833 1875 generantur.
2879 1807 3137 1879 Ideoque
3166 1808 3273 1864 iste
3301 1825 3450 1881 pue-

1792 1894 1957 1949 rulus
1988 1895 2175 1949 haeres
2208 1895 2351 1949 mihi
2381 1910 2807 1967 successorque
2856 1894 2914 1949 in
2959 1894 3144 1949 nostri
3186 1894 3454 1950 ducami-

1793 1984 1884 2037 nis
1913 1983 2134 2039 ditione
2164 1984 2333 2039 vobis
2365 1983 2700 2039 faventibus
2757 1984 3167 2039 constituatur.
3224 1983 3365 2039 Volo
3396 1986 3453 2039 et

1792 2073 2053 2127 obtestor
2102 2078 2182 2137 ut,
2244 2073 2360 2128 ﬁde
2414 2077 2630 2128 nostra:
2691 2072 3051 2127 credulitatis
3106 2072 3198 2127 sui
3244 2071 3449 2128 ﬁdeles

1792 2158 2002 2225 effecti,
2032 2160 2405 2215 securitatem
2450 2160 2617 2215 istius
2668 2162 2835 2229 regni
2866 2160 2962 2215 isti
3008 2159 3214 2215 infanti
3267 2160 3449 2216 facia-

1792 2250 1883 2315 tis,
1934 2249 2075 2320 quia
2132 2249 2482 2317 ignoramus
2541 2250 2689 2322 quid
2750 2250 3015 2305 futurum
3073 2251 3263 2321 pariet
3309 2254 3451 2306 tem-

1789 2354 1903 2410 pus
1934 2338 2164 2392 erroris.
2202 2360 2227 2385 ››
2258 2342 2418 2393 Tunc
2463 2339 2901 2411 responderunt
2941 2339 3024 2394 illi
3076 2340 3295 2394 seniori
3326 2343 3450 2395 tam

1789 2425 2102 2481 aﬁ‘abiliter
2156 2426 2467 2497 loquenti:
2528 2450 2555 2474 ‹‹
2588 2427 2773 2481 Jussis
2828 2426 2939 2482 tuis
2988 2428 3271 2483 continuo
3314 2428 3449 2482 vitae

1788 2518 2003 2569 nostrae
2057 2530 2235 2569 cursu
2280 2514 2614 2586 paruimus,
2666 2520 2721 2570 et
2776 2515 3048 2586 quandiu
3104 2515 3449 2587 superstites

1790 2603 2095 2667 fuerimus,
2128 2602 2234 2657 iste
2266 2602 2373 2657 erit
2407 2602 2581 2657 nobis
2611 2618 2915 2671 congruus
2950 2618 3171 2672 comes,
3201 2602 3447 2674 duxque

1787 2692 2071 2763 patricius
2156 2691 2584 2761 haereditarius,
2652 2692 2903 2762 ejusque
2966 2695 3263 2763 praecepto
3339 2706 3448 2761 per

1786 2781 1991 2835 omnia
2020 2780 2597 2852 obtemperabimus.
2632 2780 2753 2835 Hoc
2812 2795 3075 2852 namque
3125 2779 3444 2836 consilium

1785 2868 2181 2940 complacebit
2206 2868 2488 2923 omnibus
2520 2867 2634 2923 sub
2690 2872 2804 2923 tuae
2835 2867 3216 2939 protectionis
3264 2866 3448 2924 tutela

1786 2956 2322 3012 commorantibus.
2361 2980 2387 3006 »
2445 2960 2605 3013 Tunc
2673 2955 2755 3011 illi
2826 2954 3219 3028 adimplentes
3269 2955 3447 3025 jussa

1784 3046 2148 3102 marchinois
2224 3045 2600 3113 nobilissimi,
2674 3045 2841 3115 regni
2914 3045 3285 3101 securitatem
3355 3044 3447 3099 Ri-

1726 3126 1749 3145 λ
1784 3137 2011 3192 chardo
2044 3153 2230 3209 puero
2261 3135 2701 3205 elegantissimo
2732 3136 3033 3205 facientes,
3067 3138 3443 3190 sacramento

1783 3242 1937 3281 verae
1965 3226 2103 3281 ﬁdei
2132 3226 2415 3283 manibus
2446 3224 2777 3281 voluntarie
2803 3225 2955 3282 datis
2985 3223 3445 3281 commendave-

1781 3321 1923 3371 runt
1952 3333 2013 3371 se

2422 3419 2804 3459 APOSTROPHA.

1925 3495 1968 3550 Ο
1993 3493 2281 3549 Richarde
2312 3496 2542 3565 potens,
2571 3495 2627 3546 et
2650 3490 2899 3562 probus,
2929 3494 2985 3545 et
3010 3490 3163 3561 pius,

1996 3584 2143 3643 Dux,
2168 3585 2513 3651 martyrque
2542 3579 2757 3633 future.

1921 3670 2151 3726 Pollens
2180 3670 2287 3724 iste
2316 3683 2465 3740 puer
2494 3670 2683 3722 matre
2710 3670 2873 3721 satus
2903 3680 3095 3733 sacra,

1991 3762 2167 3813 Justaa
2206 3754 2511 3829 progeniei

1920 3847 2138 3913 Haeres,
2170 3860 2292 3900 non
2322 3843 2701 3915 importunus
2732 3841 2839 3898 erit
2869 3844 3008 3911 Deo,

1993 3935 2157 3992 Clero
2180 3948 2289 3989 nec
2318 3930 2686 4005 populoque.

1921 4027 2135 4081 Verum
2156 4038 2457 4093 congruus
2488 4025 2544 4076 et
2574 4020 2938 4077 conveniens
2968 4023 3157 4091 pater,

1990 4117 2217 4181 Justus,
2239 4112 2663 4185 patriciusque.

1923 4206 2174 4260 Sanctus
2201 4200 2491 4271 marchio,
2525 4204 2805 4256 constans
2831 4214 3030 4255 comes
3059 4202 3115 4253 et
3142 4198 3357 4265 bonus,

1993 4297 2120 4349 Dux
2150 4296 2207 4347 et
2235 4289 2728 4346 Christicolarum.

1920 4382 2173 4450 Fulgens
2204 4385 2380 4450 atque
2410 4382 2775 4450 propagator
2804 4377 2910 4433 erit
2949 4391 3115 4431 sacer

1990 4474 2150 4526 Verae
2177 4466 2539 4524 credulitatis

1918 4564 1998 4615 Ac
2028 4558 2248 4627 legum.
2284 4555 2510 4626 Populo
2536 4552 2814 4609 distribut
2841 4552 2976 4624 pius

1988 4649 2013 4701 ι
2022 4650 2185 4700 ustas
2210 4648 2401 4698 rector
2429 4641 2718 4697 habenas.

1920 4738 1987 4790 Et
2015 4732 2219 4806 plebes
2247 4729 2484 4786 soboles
2514 4732 2579 4785 ut
2604 4727 2924 4785 moderans
2950 4728 3086 4799 pate

1989 4826 2146 4879 Juste
2176 4819 2535 4895 paciﬁcabit.

1922 4913 2005 4969 Illi
2033 4912 2109 4967 sit
2136 4926 2323 4984 puero
2350 4909 2557 4980 gloria,
2593 4923 2730 4980 pax,
2763 4906 2967 4975 decus,

1992 5005 2159 5058 Iesus
2190 5005 2247 5056 et
2275 5000 2465 5070 gratia
2491 4997 2718 5055 Christi.

1852 5091 2036 5162 Hujus
2063 5105 2325 5162 namque
2354 5086 2581 5144 consilii
2610 5088 2849 5158 peracto
2878 5083 3137 5154 negotio,
3162 5081 3435 5156 quinimo

1780 5179 2205 5252 omnipotentis
2233 5178 2332 5233 Dei
2358 5177 2713 5249 disponente
2747 5172 3010 5242 arbitrio,
3043 5173 3223 5245 coepit
3266 5176 3437 5244 pater

1779 5269 1981 5339 sagaci
2009 5272 2204 5323 mente
2245 5266 2520 5322 meditari
2567 5280 2690 5337 quo
2720 5264 2852 5319 loco
2891 5262 3189 5335 quibusve
3237 5265 3439 5335 posset

1778 5358 2020 5415 enutriri
2052 5357 2366 5413 salubriter
2390 5362 2445 5412 et
2468 5355 2730 5411 educari.
2757 5353 2853 5410 His
2882 5352 3241 5409 incumbens
3260 5354 3439 5409 rima-

1776 5448 2063 5518 tionibus,
2123 5447 2252 5504 inﬁt
2297 5446 2747 5519 praenominatis
2786 5443 3020 5500 tribus:
3077 5468 3104 5495 «
3141 5446 3437 5513 Quoniam

1776 5538 2022 5611 quidem
2081 5536 2574 5609 Rothomagensis
2643 5535 2847 5593 civitas
2908 5537 3184 5594 Romana
3241 5536 3439 5612 potius

1777 5645 1963 5701 quam
1987 5630 2198 5685 Dacica
2220 5629 2401 5685 utitur
2421 5628 2780 5701 eloquentia,
2804 5630 2861 5682 et
2881 5626 3293 5697 Bajocacensis
3306 5624 3440 5683 frui-

1780 5724 1878 5776 tur
1898 5719 2267 5797 frequentius
2300 5720 2513 5779 Dacica
2532 5718 2739 5797 lingua
2753 5734 2939 5797 quam
2970 5720 3245 5779 Romana
3270 5714 3436 5792 ;volo
