3878 6232
421 234 519 291 69(

1390 231 1694 290 DUDONIS
1734 231 1987 289 DECANI
2027 228 2086 293 S.
2133 230 2442 298 QUlN’l’lNl
2475 231 2856 291 VIROMAND.
3780 224 3826 279 Ui

420 360 527 413 tua
555 350 828 412 custodia
849 358 906 410 et
929 354 1254 411 enutriatur
1277 359 1330 411 et
1356 354 1640 412 educetur
1679 373 1816 413 cum
1848 372 2072 426 magna
2104 360 2149 412 A
2180 356 2285 412 bat
2313 356 2373 413 in
2404 362 2558 414 statu
2586 355 2743 414 illius
2772 355 3046 430 pectoris.
3082 357 3209 428 Ipse
3239 356 3486 421 autem,
3531 346 3826 406 secundm

423 442 749 514 diligentia,
785 442 1016 499 fervens
1045 443 1399 516 loquacitate
1426 446 1661 515 Dacica,
1688 451 1930 519 tamque
1950 444 2071 501 dis-

427 550 569 590 cens
598 532 787 589 tenaci
826 532 1137 598 memoria,
1192 537 1256 588 ut
1301 538 1482 606 queat
1524 534 1906 591 sermocinari
1939 551 2073 608 pro-

427 621 615 679 fusius
688 620 830 676 olim
906 626 1114 678 contra
1188 622 1534 692 Dacigenas.
1572 646 1599 673 ››
1662 626 1822 679 Tunc
1890 624 2072 680 Botho

426 709 810 785 acquiescens
841 710 1088 766 senioris
1114 711 1461 768 voluntariae
1492 713 1777 785 petitioni,
1811 717 1867 769 et
1896 713 2075 768 susci-

426 800 596 873 piens
646 798 1018 872 praecipuum
1047 798 1333 855 infantem
1382 800 1459 857 ad
1498 818 1705 857 curam
1754 801 2072 872 educandi,

425 885 560 943 urbi
611 902 749 942 eum
801 885 1008 942 detulit
1062 885 1286 943 concite
1345 889 1744 960 Bajocacensi,
1815 905 2074 961 eumque

427 974 769 1032 cusdodivit
818 979 883 1031 ut
928 974 1219 1047 pupillam
1249 975 1403 1032 oculi
1436 976 1546 1033 sui.
1583 982 1709 1033 Dux
1759 995 1900 1033 vero
1948 976 2078 1032 Wil-

426 1061 642 1121 lelmus
700 1064 779 1119 ob
828 1079 1096 1119 amorem
1134 1063 1497 1149 dilectissimi
1539 1066 1641 1121 ﬁlii
1690 1067 1798 1133 sui,
1852 1068 2078 1122 Pascha

428 1149 614 1226 ipsius
640 1152 782 1209 anni
808 1152 1055 1223 Bajocas
1078 1153 1413 1222 celebravit,
1447 1156 1799 1211 coadunatis
1826 1155 2077 1227 optima-

428 1241 589 1299 tibus
631 1239 981 1297 Britannicze
1027 1241 1624 1316 Northmannicaaque
1681 1243 1956 1312 regionis.
2014 1245 2079 1298 Et

428 1329 543 1386 illic
586 1332 853 1386 moratus
884 1333 975 1386 est
1002 1329 1193 1385 donec
1226 1336 1422 1387 essent
1446 1332 1725 1388 transacti
1768 1349 1950 1387 sacrae
1982 1348 2075 1386 so-

428 1417 748 1475 lemnitatis
780 1419 1147 1474 Pentecostes
1173 1419 1299 1475 dies
1328 1417 1539 1477 festivi.
1576 1421 1831 1493 Cupiens
1877 1424 2076 1475 autem

428 1507 718 1565 infantem
793 1507 1155 1564 Richardum
1228 1526 1475 1565 suorum
1533 1509 1799 1565 ﬁdelium
1884 1525 2077 1565 sacra-

428 1600 634 1653 mento
681 1599 737 1652 et
776 1597 1118 1668 juramento
1169 1596 1231 1653 in
1271 1614 1457 1667 regno
1512 1598 1853 1655 conﬁrmari
1899 1600 1955 1653 et
1985 1614 2079 1652 su-

2181 444 2332 501 vires
2384 444 2588 510 aetatis,
2643 442 2941 519 quidquid
2986 441 3130 500 boni
3180 444 3431 517 poterat
3487 437 3825 511 adimplere

2183 535 2359 604 gestis
2385 533 2643 607 optimis.
2678 536 2749 591 Ut
2776 538 2973 590 autem
3003 531 3281 588 adolebat
3298 526 3756 599 vegetabiliter
3772 526 3826 581 hu

2182 622 2376 679 manis
2406 620 2803 691 incrementis,
2830 624 2911 678 ita
2940 619 3388 677 fecundabatur
3432 616 3713 673 feliciter
3758 616 3825 670 vit

2182 712 2693 785 meritis.0ureque
2705 710 2850 768 boni
2861 709 3145 767 audiebat
3157 706 3533 764 memoriter
3544 709 3825 762 retractat

2182 800 2509 869 retinebat;
2578 798 2739 856 mala
2790 815 2932 855 vero
2987 812 3279 870 respuens
3338 792 3826 868 ﬂoccipendeba’

2184 888 2565 961 Quaecunque
2612 888 2758 957 legis
2814 885 3169 959 tegebantur
3228 884 3545 949 obscura,
3616 885 3825 938 reserat

2183 978 2547 1034 enucleatius
2566 977 2835 1034 solvebat
2855 977 3078 1033 omnia.
3097 978 3263 1031 Patre
3279 989 3437 1030 vero
3474 970 3826 1033 Willelmo,u

2183 1066 2537 1123 recensitum
2582 1071 2667 1122 est
2716 1065 2852 1122 licet
2895 1064 3107 1120 hebete
3152 1063 3329 1135 stylo,
3365 1060 3673 1135 perﬁdia:
3717 1075 3826 1115 near

2183 1153 2584 1227 martyrisato,
2608 1158 2664 1211 et
2682 1152 2742 1210 in
2761 1152 3038 1210 stellifero
3058 1166 3247 1221 regno
3270 1150 3546 1206 feliciter
3568 1153 3825 1205 coronatc

2184 1246 2505 1314 antequam
2536 1240 2887 1298 humaretur
2915 1256 3133 1313 corpus
3164 1239 3295 1311 ejus
3330 1237 3669 1310 sepulcro,
3700 1234 3826 1291 adde

2183 1334 2398 1387 xerunt
2418 1330 2777 1387 Ricliardum
2807 1344 3063 1404 puerum
3102 1329 3207 1402 qui
3238 1326 3491 1383 residui
3540 1326 3779 1383 fuerunt
3805 1325 3826 1378 i1

2183 1434 2388 1489 regno,
2431 1425 2487 1475 et
2534 1420 2638 1493 qui
2669 1434 2790 1476 non
2837 1420 3025 1475 ierant
3055 1416 3131 1475 ad
3169 1416 3547 1473 luctuosum
3596 1413 3826 1488 placitum

2186 1524 2323 1563 cum
2350 1522 2440 1563 eo.
2474 1508 2633 1564 Tunc
2681 1506 3073 1563 Northmanni
3111 1510 3167 1561 et
3193 1504 3486 1560 Britones
3522 1507 3714 1559 tanta:
3752 1499 3825 1573 pul

2185 1595 2533 1652 chritudinis
2564 1601 2619 1652 et
2644 1595 2948 1667 dignitatis
2977 1611 3234 1668 puerum
3265 1591 3594 1661 videntes,
3645 1591 3825 1662 iugula:

430 1682 688 1751 blimari,
720 1684 1046 1756 assumpsit
1077 1688 1302 1757 septem
1341 1686 1657 1758 optimates
1701 1686 1944 1756 majoris
1969 1701 2076 1758 po-
2115 1699 2154 1755 Β
2186 1684 2483 1757 ﬂebilique
2516 1700 2660 1741 voce
2693 1684 3125 1754 singultientes,
3174 1682 3433 1754 altaque
3487 1681 3826 1737 diversorur:

430 1770 645 1841 tentiaa,
679 1778 735 1829 et
761 1772 972 1846 pandit
998 1772 1109 1828 illis
1139 1790 1276 1829 cum
1308 1772 1495 1829 tribus
1525 1791 1705 1847 supra
1734 1773 1963 1847 scriptis
1994 1788 2079 1829 se-

432 1863 660 1919 cretum
689 1860 1008 1917 voluntatis
1039 1878 1197 1917 sum:
1258 1886 1285 1912 «
1317 1865 1531 1918 Rerum
1571 1862 1807 1919 fortuna
1836 1862 2074 1918 casibus

433 1949 578 2024 quia
603 1948 931 2005 innumeris
961 1965 1197 2021 semper
1218 1953 1463 2019 rotatur,
1481 1967 1737 2023 raroque
1764 1950 1861 2005 ulli
1882 1954 2074 2006 certus

434 2053 753 2094 causarum
802 2042 1088 2105 eventus;
1149 2038 1451 2110 quocirca,
1506 2038 1677 2093 vobis
1722 2037 2076 2105 faventibus,

432 2122 567 2181 volo
597 2128 661 2179 ut
688 2140 782 2180 me
814 2124 1127 2197 superstite
1157 2124 1312 2180 ﬁlius
1343 2142 1510 2180 meus
1539 2124 1864 2181 Richardus
1891 2124 2077 2180 haeres

434 2227 585 2268 mea:
612 2208 848 2268 ditionis
860 2229 897 2269 a
909 2212 1074 2268 vobis
1086 2213 1493 2280 constituatur,
1512 2230 1842 2285 manusque
1859 2219 2081 2268 vestras

433 2298 559 2358 vice
590 2297 784 2357 cordis
822 2301 952 2372 ejus
983 2299 1322 2357 concedatis
1365 2299 1663 2369 manibus,
1698 2308 1990 2374 pactaque
2021 2300 2085 2357 ﬁ-

434 2388 645 2447 delitas
688 2407 842 2445 verae
872 2389 1011 2445 ﬁdei
1059 2394 1264 2445 vestrae
1290 2391 1589 2461 juramine
1638 2389 1855 2446 obnixe
1885 2391 2082 2445 ﬁrme-

433 2480 549 2547 tur,
582 2484 760 2552 atque
792 2483 987 2535 vestro
1017 2478 1266 2534 consilio
1310 2478 1626 2551 utilissimo
1652 2479 1781 2552 ipsa
1828 2484 1946 2535 tota
1976 2495 2083 2551 pa-

434 2565 545 2626 tria
571 2567 894 2641 prudenter
921 2570 1177 2638 regatur.
1215 2592 1242 2616 ››
1275 2567 1374 2622 His
1405 2567 1911 2640 propositionibus
1939 2565 2085 2622 hila-

431 2670 527 2713 res
570 2653 1011 2729 responderunt
1062 2659 1288 2728 septem
1336 2655 1651 2727 optimates
1688 2674 1699 2710 :
1753 2679 1779 2704 ‹‹
1803 2655 1859 2711 Si
1889 2654 2085 2727 praeri-

434 2740 588 2801 mari
616 2748 673 2800 et
698 2742 1104 2817 praec0gitare,
1132 2740 1404 2816 quinimo
1431 2742 1750 2817 praedicere
1767 2742 1932 2815 quod
1954 2759 2087 2815 pro-

433 2829 684 2907 posuisti
713 2831 918 2888 animo
948 2848 1071 2887 non
1101 2832 1397 2902 mstuaris,
1429 2848 1763 2901 congruum
1796 2834 1852 2886 et
1880 2844 2087 2886 conse-

436 2935 629 2993 quens
663 2936 1047 2992 summopere
1076 2918 1251 2975 nobis
1281 2924 1453 2986 esset,
1493 2921 1560 2976 ut
1586 2922 1788 2975 nostro
1819 2922 2082 2992 precatu,

437 3012 760 3081 nostraque
817 3007 1065 3064 sollicita
1111 3009 1518 3065 exhortatione
1573 3007 1915 3064 admonitus
1970 3007 2084 3063 hoc

436 3095 682 3167 faceres,
709 3096 854 3170 quia
882 3097 1284 3153 necessarium
1314 3097 1429 3153 hoc
1470 3095 1793 3165 negotium,
1827 3102 1883 3152 et
1911 3112 2087 3170 pecu-

439 3183 644 3242 liarius
668 3179 844 3240 nobis
876 3187 981 3239 est.
1018 3206 1044 3229 η
1074 3184 1168 3239 llis
1207 3183 1378 3239 dictis
1404 3180 1695 3239 Richardo
1722 3182 1930 3239 infanti
1958 3196 2084 3239 ma-

434 3273 617 3330 nibus
679 3273 799 3328 suis
856 3272 1032 3345 datis,
1104 3287 1281 3346 super
1348 3279 1757 3329 sacrosanctas
1809 3271 2086 3345 reliquias

434 3363 617 3419 ﬁdem
674 3362 1058 3436 obsequentis
1096 3361 1420 3418 famulatus
1473 3367 1531 3417 et
1585 3362 1949 3418 militationis
1999 3361 2085 3418 fa-

435 3451 677 3520 cientes,
706 3450 1160 3524 spoponderunt
1175 3456 1232 3507 et
1246 3454 1541 3507 voverunt
1558 3446 1639 3506 illi
1666 3467 1728 3506 se
1758 3467 1865 3525 per
1884 3450 2087 3507 omnia

432 3557 560 3600 esse
589 3541 814 3598 ﬁdeles.

1073 3624 1455 3686 arosrnorm.

577 3718 738 3776 Sacri
764 3722 820 3774 et
850 3716 1097 3788 ordinis,
1124 3722 1182 3773 et
1210 3716 1651 3790 graduumque,

576 3808 727 3861 Puer
753 3800 993 3878 inclyte,
1026 3809 1084 3861 et
1110 3802 1324 3861 indolis
1356 3802 1532 3861 almae

577 3894 744 3947 Patre
774 3892 848 3949 de
877 3891 1065 3948 nitido
1099 3892 1242 3963 sate,
1271 3893 1479 3948 matris

580 3980 799 4035 Genere
824 3992 897 4036 ex
925 3978 1121 4050 rutilo,
1152 3979 1554 4051 ingenuoque.

578 4067 775 4124 Merito
803 4067 911 4124 tibi
940 4067 1213 4124 subditur
1240 4067 1353 4124 ista

577 4154 768 4213 Patria
795 4160 853 4213 et
879 4156 1065 4227 regio,
1097 4154 1289 4213 editus
1321 4173 1382 4213 es
1412 4171 1553 4230 qua.

579 4247 727 4312 Quia
754 4247 878 4303 dux
907 4246 1123 4315 bonus,
1156 4248 1213 4305 et
1241 4264 1445 4304 comes
1478 4247 1672 4303 almus

580 4335 703 4391 Eris
731 4330 1027 4405 indigenae
1056 4334 1375 4393 morulanti
1403 4332 1519 4408 hic,

578 4423 703 4479 Eris
730 4428 788 4479 et
811 4423 994 4480 decus
1024 4424 1420 4481 Ecclesiarum

580 4514 759 4569 Sacra
783 4508 989 4583 gloria,
1016 4528 1154 4587 spes
1184 4510 1503 4571 recolenda

576 4603 801 4673 Vagus,
831 4603 1158 4675 orphanus,
1191 4598 1381 4670 exsul,
1411 4602 1731 4678 inopsque,

580 4689 832 4763 Capiens
858 4682 990 4763 opis
1018 4690 1308 4747 auxilium
1333 4706 1375 4747 a
1398 4693 1453 4747 te

578 4778 792 4835 Hilaris
818 4783 1117 4836 saturatus
1142 4778 1351 4835 obibit.

506 4867 605 4924 His
633 4880 900 4940 namque
928 4864 1150 4938 sagaci,
1178 4860 1579 4939 prudentique
1619 4867 1675 4923 et
1704 4864 1928 4926 salubri
1951 4886 2091 4927 con-

436 4953 567 5012 silio
604 4954 887 5025 deﬁnitis,
915 4954 1215 5026 rebusque
1268 4946 1540 5024 pluribus
1591 4970 1775 5010 sacrae
1818 4954 2089 5014 Ecclesiae

433 5035 641 5117 reique
670 5038 927 5115 publica;
975 5033 1289 5097 salubriter
1337 5036 1661 5109 adornatis,
1711 5041 1882 5100 rediit
1932 5045 2092 5119 quis-

435 5146 557 5205 que
584 5130 663 5187 ad
690 5141 800 5186 sua
819 5130 990 5186 laetus
1011 5133 1069 5185 et
1091 5122 1314 5183 hilaris.
1344 5130 1569 5186 Interea
1589 5129 1786 5188 infans
1809 5129 1983 5189 bonae
2006 5132 2091 5189 in-

437 5212 615 5285 dolis,
646 5217 943 5291 primique
965 5209 1158 5286 gratia
1182 5214 1362 5283 ﬂoris,
1393 5213 1717 5276 Richardus
1758 5218 1974 5278 scilicet
2002 5237 2091 5278 ce-

435 5305 641 5375 lebris,
671 5300 1042 5361 formabatur
1072 5302 1297 5378 capsim
1331 5304 1409 5362 ab
1439 5307 1629 5364 annis.
1663 5309 1859 5365 Gratia
1888 5315 2088 5368 autem

440 5390 689 5469 Spiritus
719 5388 908 5449 sancti
928 5389 1235 5464 adaugens
1272 5391 1427 5449 illius
1457 5400 1628 5452 antra
1669 5397 1947 5469 pectoris,
1976 5394 2091 5455 Iar-

438 5481 623 5554 giﬂuo
651 5496 899 5539 munere
937 5476 1197 5539 ardentis
1228 5482 1428 5552 studii,
1461 5483 1812 5559 sagacisque
1844 5482 2084 5559 ingenii,

436 5568 676 5631 duobus
703 5569 869 5645 quod
898 5576 988 5629 est
1017 5566 1314 5629 sufﬁciens
1360 5572 1689 5645 aggerabat
1731 5579 2087 5650 propensius

565 5658 822 5724 Domum
853 5656 1175 5723 subnixam
1206 5661 1500 5721 columnis
1526 5662 1817 5737 sapientia
1835 5662 2085 5731 fabrica-

2190 1772 2417 1829 ulutatu
2457 1772 2713 1845 suSpiria
2754 1773 3104 1837 emittentes,
3147 1770 3446 1826 dixerunt
3506 1769 3809 1826 unanimes

2186 1886 2212 1911 «
2248 1862 2392 1918 Ecce
2416 1864 2508 1917 cui
2531 1859 2767 1926 servire,
2801 1874 2936 1917 ecce
2963 1859 3058 1915 cui
3079 1856 3364 1924 militare,
3402 1873 3563 1915 ecce
3594 1856 3695 1914 cui
3718 1861 3825 1930 patr

2188 1950 2497 2024 superstite
2522 1948 2704 2006 ﬁdem
2750 1947 3020 2005 fecimus.
3050 1970 3077 1997 »
3126 1948 3291 2003 Tunc
3335 1946 3722 2015 Beringerus
3764 1947 3823 1999 Bri

2188 2037 2437 2096 tannicae
2468 2036 2725 2107 regionis
2752 2053 2955 2093 comes
2990 2036 3359 2109 praecipuus,
3411 2034 3563 2091 inﬁt
3608 2032 3825 2091 ﬂexibil:

2188 2130 2244 2184 et
2273 2131 2523 2183 moestus
2570 2127 2735 2199 prior
2772 2140 2880 2197 pro
2928 2122 3212 2179 omnibus
3247 2140 3260 2178 :
3318 2144 3353 2171 ‹‹
3390 2126 3439 2179 Ο
3506 2123 3772 2179 seniores
3807 2136 3826 2173 ε

2190 2216 2417 2285 domni,
2443 2214 2670 2270 Arnulﬁ
2699 2212 2951 2287 perﬁdia
2980 2210 3190 2268 dolose
3231 2208 3512 2285 decepti,
3566 2216 3825 2268 merente

2191 2312 2247 2361 et
2278 2306 2466 2361 tristes
2496 2303 2769 2378 plorabili
2800 2319 2944 2359 nece
2973 2302 3229 2376 piissimi
3260 2302 3825 2373 marchionis,prius

2192 2411 2376 2467 quam
2405 2392 2785 2449 lamentabile
2816 2406 3034 2463 corpus
3065 2390 3300 2446 tumulo
3335 2392 3682 2453 condatur,
3701 2405 3825 2444 sema

2193 2498 2318 2537 rem
2349 2481 2638 2537 faciamus
2668 2480 2860 2535 nobis.
2896 2484 3004 2534 lste
3034 2492 3206 2552 puer,
3238 2482 3308 2532 ut
3336 2476 3479 2532 dux
3517 2477 3699 2533 nobis
3726 2477 3825 2529 site

2192 2570 2494 2643 patricius,
2522 2570 2581 2624 in
2609 2569 2747 2624 sede
2777 2568 2961 2641 patris
2994 2573 3080 2622 est
3110 2564 3593 2636 subrogandus.
3630 2570 3706 2622 Ne
3733 2569 3826 2618 Clit

2193 2674 2269 2713 rae
2321 2663 2523 2727 gentes
2580 2672 2759 2729 super
2800 2671 2910 2711 nos
2952 2656 3267 2718 irruentes,
3324 2654 3593 2727 hocque
3653 2650 3825 2721 negoti:

2192 2746 2370 2817 hujus
2397 2745 2725 2801 traditionis
2751 2744 3020 2800 inaudito
3050 2743 3389 2816 principari
3425 2757 3628 2817 super
3652 2758 3755 2798 nos
3776 2740 3825 2791 de

2191 2833 2529 2897 liberantes,
2557 2833 2859 2887 vindicent
2886 2829 2997 2886 sibi
3038 2829 3573 2887 Northmannicas
3602 2832 3821 2886 Britane

2193 2939 2413 2995 casque
2461 2923 2631 2989 ﬁnes,
2681 2922 2790 2978 iste
2839 2936 2989 2993 puer
3032 2918 3451 2976 constituatur
3502 2920 3683 2977 istius
3724 2934 3826 2985 reg:

2192 3012 2488 3084 princeps.
2524 3013 2886 3083 Scutumque
2916 3008 3218 3082 perditum
3249 3009 3454 3082 patris
3487 3016 3671 3067 scuto
3712 3008 3825 3065 refe"

2193 3105 2444 3166 mantes,
2474 3103 2994 3170 restaurantesque
3024 3098 3155 3168 ejus
3185 3094 3414 3163 soboli,
3446 3097 3769 3155 obstemus
3790 3112 3823 3147 re

2194 3187 2523 3261 pugnando
2549 3186 2883 3242 volentibus
2915 3182 3215 3241 dominari
3256 3185 3471 3243 nobis.
3509 3210 3541 3237 η
3595 3188 3692 3243 His
3719 3184 3822 3242 diu;

2194 3275 2553 3331 unanimiter
2577 3274 2985 3330 callaudantes
3003 3272 3116 3328 hoc
3139 3271 3506 3346 consilium,
3530 3276 3823 3348 aggretliuz.

2194 3369 2290 3419 tur
2346 3364 2590 3419 comites
2649 3380 2786 3419 cum
2843 3374 3070 3433 magna
3124 3360 3487 3434 frequentia
3547 3365 3824 3439 principal:

2195 3456 2501 3508 cummoto
2522 3452 2749 3523 impetu
2773 3457 2829 3507 et
2849 3464 3159 3506 murmure
3194 3448 3592 3510 ululantium
3637 3456 3817 3521 ingeni.

2192 3539 2533 3596 reverentiae
2590 3538 2951 3595 Richardum
3009 3552 3289 3611 puerum.
3350 3541 3824 3599 Tumultuantiu:

2194 3634 2393 3685 autem
2419 3627 2782 3700 populorum
2802 3642 3112 3683 murmure
3152 3624 3393 3699 sedato,
3425 3630 3540 3687 vix
3578 3628 3824 3703 adeptos?

2192 3718 2393 3785 lentio,
2417 3715 2766 3788 Beringerus
2788 3721 2844 3773 et
2863 3712 3154 3785 Alannus,
3174 3717 3541 3791 creteriquae
3574 3723 3822 3778 Nothma:

2192 3807 2307 3862 uiae
2335 3806 2763 3878 Britanniasque
2793 3804 3060 3872 comites,
3102 3802 3259 3861 datis
3292 3808 3616 3866 manibus
3646 3811 3758 3866 suis
3794 3809 3824 3859 Η

2195 3895 2438 3958 chardo,
2472 3895 2866 3951 subdiderunt
2882 3912 2944 3951 se
2959 3891 3213 3950 libenter
3243 3893 3348 3967 illi,
3388 3900 3459 3953 ut
3481 3900 3823 3970 promisere;

2194 3984 2335 4041 olim
2364 3982 2517 4055 patri
2535 3982 2771 4039 viventi.
2798 3980 3283 4055 Pignoribusqne
3307 3984 3823 4055 pretiosorum

2195 4077 2423 4128 ctorum
2457 4069 2688 4137 delatis,
2718 4068 2993 4126 sanciunt
3031 4069 3113 4125 illi
3142 4076 3428 4129 tenorem
3484 4076 3821 4147 integerria:

2192 4158 2491 4218 ﬁdelitatis
2522 4164 2580 4217 et
2607 4154 2994 4228 militationis,
3029 4162 3219 4215 morte
3267 4160 3652 4223 christiana:
3698 4178 3821 4230 com;

2192 4247 2458 4307 rationis.
2494 4247 2587 4305 His
2618 4244 2887 4304 ﬂebiliter
2910 4248 3181 4321 expletis,
3213 4247 3655 4329 pluribusque
3681 4252 3748 4310 ad
3774 4266 3816 4303 ἢ

2193 4338 2466 4406 reversis,
2513 4332 2843 4393 Richardus
2894 4350 3046 4408 puer
3098 4341 3479 4409 exspectatte
3548 4342 3822 4400 nobilita:

2120 4395 2164 4453 θ
2194 4395 2653 4499 fortitudineque
2683 4395 2950 4493 celebris,
2980 4395 3367 4496 Rothomago
3398 4395 3736 4490 remansit—
3755 4440 3822 4485 cu:

2193 4514 2508 4586 tironibus,
2542 4514 2847 4588 patrisque
2876 4512 3237 4584 domigenis.

2831 4616 3217 4659 APOSTROPHA.

2194 4690 2562 4763 Rothomage
2594 4706 2775 4766 super
2804 4692 2995 4748 missa
3022 4705 3177 4761 vage
3205 4691 3419 4751 littora
3454 4698 3776 4775 Sequanae.

2196 4778 2345 4838 Urbs
2368 4778 2626 4838 fecunda
2652 4780 2828 4837 bonis
2856 4780 3160 4846 omnibus,
3193 4784 3250 4837 et
3282 4783 3617 4845 militibus
3651 4789 3773 4846 feris

2194 4867 2439 4942 Semper
2464 4867 2580 4925 feta
2600 4868 2759 4936 laon,
2784 4866 2948 4924 dives
2969 4880 3177 4941 opum,
3196 4869 3533 4945 plenaque
3548 4887 3821 4934 munerum

2193 4955 2419 5014 Venatu
2438 4956 2737 5024 exhilaris,
2771 4953 3093 5023 suﬁciens,
3125 4960 3179 5012 et
3210 4954 3613 5032 locupletior

2195 5042 2505 5101 Multarum
2535 5042 2893 5117 spaciorum,
2927 5058 3237 5115 generum,
3274 5046 3605 5125 pisceque
3636 5054 3799 5110 ditior,

2195 5128 2340 5188 Altis
2365 5130 2743 5205 alitibusque,
2774 5132 3161 5205 accipitrique
3192 5135 3456 5211 anticipi
3501 5145 3666 5199 scio.

2196 5220 2370 5278 Omni
2394 5221 2540 5294 quin
2570 5220 2800 5291 melior,
2830 5222 2976 5293 quin
3003 5222 3220 5295 potior,
3256 5223 3423 5281 urbe
3452 5233 3783 5301 potentior.

2194 5310 2401 5365 Portus
2412 5324 2599 5383 quam
2614 5314 2850 5379 vegetat
2871 5309 3156 5379 Belgicus,
3181 5315 3238 5367 et
3249 5312 3566 5391 Celticus,

2196 5396 2397 5456 Gaude
2424 5396 2778 5472 tripudians,
2806 5394 3139 5465 Ieetiﬁcans,
3171 5400 3526 5475 exilarans,
3563 5412 3723 5484 quia

2196 5485 2487 5545 Perfectus
2514 5488 2730 5555 senior,
2763 5492 2819 5543 et
2847 5488 3133 5545 dominus
3156 5486 3376 5559 legifer
3406 5500 3514 5554 est
3543 5501 3687 5569 tibi,

2196 5578 2481 5634 Defuncto
2498 5581 2554 5633 et
2581 5582 2749 5649 patre
2761 5577 2903 5645 dux,
2920 5581 3543 5651 patricius,marchio
3557 5590 3819 5648 habebit?

2193 5663 2527 5729 Richardus
2548 5665 2813 5738 celebris,
2831 5667 3033 5740 justus
3055 5675 3113 5729 et
3130 5670 3359 5745 almus,
3386 5676 3568 5753 pius,
3588 5683 3819 5742 ἱηιιοεεες
