3878 6402
43 280 136 333 393

545 285 634 338 DE
675 287 911 342 GESTIS
952 291 1375 346 ΝΟΒΜΑΝΝΙᾸΞ
1416 290 1652 345 DUCUM
1693 285 1871 340 LIBRI
1909 287 2102 342 TRES.
2131 319 2200 328 —
2227 291 2354 344 LIB.
2388 293 2483 344 III.
2517 287 2936 344 RICHARDUS.

3345 289 3460 343 604

43 404 308 469 Sanctus,
330 405 784 480 religiosusque,
818 409 1135 479 benignus,
1163 429 1327 468 sacer
1354 420 1407 468 et
1438 411 1684 484 probus,
1720 411 1765 463 A
1803 410 2172 465 Bernardum
2200 411 2534 484 principem
2562 410 3009 467 Northmannici
3033 409 3345 480 exercitus,
3397 414 3464 465 ut

43 491 328 547 Solemnis
355 494 601 550 celebris
631 513 741 568 pro
768 499 1013 569 meritis,
1047 502 1286 567 dignus,
1322 501 1617 565 amabilis,

43 580 309 647 Dilectus,
345 583 714 648 recolendus,
751 589 1136 658 reverendus,
1172 590 1596 657 memorabilis,

43 671 219 724 Szrcla
245 672 376 741 jure
410 673 638 742 valens,
666 675 798 744 jure
832 683 1065 747 potens,
1095 679 1226 748 jure
1260 696 1365 751 per
1397 680 1619 735 omnia.

44 759 144 821 Qui
176 765 227 813 te
259 761 401 815 olim
430 763 753 818 moderans
785 771 1073 836 proteget,
1108 773 1163 822 et
1191 769 1573 824 auxiliabitur

43 850 95 900 Et
127 849 299 918 cujus
331 851 552 906 meritis
585 853 880 908 continuis
914 856 1088 910 saecla
1115 872 1222 928 per
1242 859 1446 912 omnia

43 937 390 1006 ?raefulgens
414 939 893 1012 locupletaberis,
925 950 979 999 et
1010 946 1477 1001 munificaberis.

44 1028 94 1079 Ξῖ
126 1027 300 1095 cujus
329 1028 589 1088 bonitas.
621 1036 677 1085 et
702 1032 912 1102 pietas,
938 1038 994 1087 et
1025 1035 1371 1089 reverentia.

44 1115 292 1184 ilampos
328 1116 528 1171 Elisios
563 1120 848 1174 scandere
893 1127 943 1176 te
976 1127 1146 1188 coget
1177 1123 1252 1176 ad
1287 1123 1584 1177 ultimum.

99 1203 363 1259 Audiens
416 1211 616 1262 autem
675 1225 776 1263 rex
835 1212 1088 1266 Franciae
1146 1213 1475 1267 Ludovicus
1506 1209 1690 1283 quod,

43 1292 258 1346 \rnulﬁ
292 1295 667 1351 Flandrensis
695 1300 926 1354 comitis
957 1302 1215 1356 versutia
1247 1303 1551 1373 deceptus,
1583 1315 1693 1371 pro

43 1382 344 1439 '.tabilitate
379 1395 778 1443 sacrosanctze
837 1390 1131 1460 Ecclesiae,
1175 1398 1514 1463 sanctzeque
1557 1388 1693 1444 ﬁdei

43 1476 80 1526 2t
112 1473 299 1542 pacis,
348 1490 580 1546 proque
629 1476 910 1532 ﬁdelitate
966 1481 1058 1534 sui
1105 1481 1517 1551 martyrizatus
1544 1483 1697 1535 esset

44 1561 150 1615 lux
197 1563 743 1620 Northmannorum
778 1567 1132 1635 Willelmus,
1194 1570 1449 1624 multum
1478 1569 1697 1624 condo-

43 1650 148 1716 uit,
183 1656 239 1705 et
286 1652 605 1723 optimates
640 1656 805 1723 regni
839 1657 1099 1728 exceptis
1131 1659 1336 1714 mortis
1391 1659 1519 1727 ejus
1547 1663 1695 1712 trac-

44 1739 319 1794 atoribus
372 1744 600 1797 concite
659 1746 1100 1814 Rotliomagum
1162 1747 1506 1819 prOperavit
1555 1762 1693 1801 cum

43 1828 149 1882 .uis
183 1830 528 1896 comitibus,
563 1848 743 1903 super
787 1834 876 1888 his
908 1851 1043 1905 quae
1079 1836 1305 1891 nefario
1338 1835 1558 1891 Arnulﬁ
1594 1851 1694 1891 co-

43 1917 185 1971 nitis
213 1922 344 1972 astu
379 1920 719 1976 acciderant
751 1923 1152 1978 consulturus.
1184 1926 1693 1994 Rothomagenses

43 2022 169 2061 rero
211 2006 475 2062 adventu
529 2010 684 2079 regis
718 2012 1000 2067 Ludovici
1056 2013 1271 2068 hilares
1303 2018 1696 2084 susceperunt

43 2111 165 2148 eum
215 2095 500 2162 volenter,
537 2104 815 2169 putantes
861 2105 923 2155 ut
971 2103 1259 2174 equitarct
1289 2119 1469 2174 super
1525 2102 1692 2158 Flan-

44 2184 299 2253 lrenses,
347 2187 749 2260 acerbamque
800 2194 855 2244 et
883 2190 1224 2261 pestiferam
1261 2191 1544 2246 ultionem
1583 2208 1694 2264 pro

43 2275 293 2330 naudito
323 2275 562 2346 piaculo
592 2280 756 2349 quod
785 2280 1193 2349 fecerant,illis
1225 2283 1472 2338 reddere
1499 2283 1690 2340 vellet.

44 2366 144 2418 {ex
174 2367 371 2418 autem
403 2365 736 2421 Ludovicus
765 2368 840 2422 ad
868 2385 928 2423 se
955 2370 1155 2425 venire
1179 2371 1312 2426 fecit
1332 2372 1694 2426 Richardum

46 2457 205 2506 antae
251 2452 710 2522 pulchritudinis
742 2473 1021 2528 puerum,
1055 2459 1518 2533 lacrymansque
1555 2459 1694 2516 affe-

43 2546 121 2595 ztu
152 2541 364 2596 doloso
396 2546 452 2597 et
484 2543 862 2601 fraudulento
897 2549 1161 2620 suscepit
1190 2555 1244 2604 et
1275 2549 1580 2604 osculatus
1606 2553 1694 2605 est

43 2646 185 2696 eum,
215 2630 593 2702 retinensque
611 2634 790 2704 cmpit
816 2635 1046 2704 epulari
1075 2641 1135 2690 et
1155 2638 1442 2692 recubare
1463 2654 1687 2692 secum.

43 2718 308 2790 Sequenti
338 2735 600 2792 namque
632 2721 726 2777 die
768 2724 1041 2778 nutritori
1088 2725 1233 2780 tanti
1266 2727 1508 2780 honoris
1542 2743 1690 2798 pue-

43 2824 159 2862 'um
211 2808 425 2863 volenti
458 2809 751 2865 deducere
783 2811 860 2866 ad
893 2812 1142 2868 alteram
1173 2814 1444 2881 domum,
1480 2821 1543 2871 ut
1568 2815 1692 2870 bal-

43 2901 232 2951 iearet
260 2901 316 2951 et
343 2899 664 2954 custodiret
687 2916 845 2966 eum,
879 2901 1339 2973 prohibuit,rex,
1357 2908 1412 2958 et
1441 2904 1693 2961 detinuit

43 2999 254 3039 zecum.
291 2985 564 3041 Secundo
586 2992 640 3042 et
670 2988 837 3043 tertio
863 2988 958 3044 die
986 2989 1188 3044 itidem
1219 2990 1384 3046 altori
1417 2993 1692 3048 :rstuanti

43 3076 241 3141 acere,
286 3091 408 3130 non
440 3076 575 3131 sinit
629 3094 753 3147 rex,
807 3095 1014 3134 verum
1044 3081 1348 3152 prohibuit
1391 3082 1689 3139 obstinato
1722 3112 1762 3166 ρ

43 3164 228 3218 :orde.
262 3165 754 3222 Animadvertens
783 3170 1034 3225 nutritor
1079 3175 1319 3242 captum
1353 3188 1484 3226 esse
1512 3177 1688 3228 tanta:

44 3252 366 3308 lulcedinis
395 3271 671 3327 puerum,
715 3257 794 3313 ad
825 3259 1059 3314 nullum
1090 3266 1338 3316 conatus
1366 3266 1456 3318 est
1482 3267 1691 3334 postea

43 3343 246 3397 lucere
300 3341 520 3398 locum.
568 3347 750 3416 Hujus
792 3347 971 3416 igitur
1007 3349 1089 3403 rei
1120 3349 1283 3405 fama
1325 3356 1447 3407 tota
1489 3351 1692 3406 civitas

45 3431 402 3487 umultuosa
433 3433 744 3503 excitatur,
785 3452 1181 3506 murmurque
1239 3440 1531 3512 captionis
1590 3456 1694 3513 per

44 3525 214 3575 otam
256 3520 469 3576 urbem
519 3522 804 3578 diffusum
856 3526 1111 3597 sparsim
1170 3530 1508 3586 ventilatur.
1549 3533 1696 3586 Tan-

44 3609 167 3663 lem
199 3624 342 3664 vero
373 3611 708 3667 suburbani
739 3614 1082 3683 conglobati
1123 3633 1260 3671 cum
1289 3617 1539 3688 civibus,
1568 3619 1694 3690 ple-

44 3699 284 3769 )eioque
329 3715 494 3756 more
524 3701 813 3757 irruentes
854 3704 929 3758 ad
963 3704 1216 3760 domum
1248 3706 1588 3779 principum
1621 3709 1698 3763 ci-

43 3787 222 3841 ritatis
253 3786 427 3858 illius,
465 3796 774 3861 coeperunt
828 3791 1249 3864 blasphemare
1277 3811 1400 3856 eos.
1432 3796 1701 3852 emitten.

46 3890 111 3929 es
155 3875 425 3943 ingentes
470 3879 744 3946 gemitus,
806 3884 861 3934 et
901 3880 1162 3935 dicentes
1207 3881 1337 3936 altis
1393 3883 1643 3940 vocibus
1680 3910 1698 3953 ε

44 3986 46 4010 :
98 3968 315 4020 Nostra
375 3966 735 4035 negligentia
785 3969 1154 4025 \Villelmum
1212 3971 1427 4026 ducem
1486 3974 1702 4045 praeci.

43 4069 219 4108 )uum
251 4058 523 4108 nostrum
558 4056 919 4112 advocatum
962 4058 1275 4113 amisimus
1311 4077 1322 4113 :
1379 4066 1576 4117 vestro
1610 4067 1698 4118 ta-

43 4159 168 4199 nen
197 4143 447 4199 consilio
479 4145 709 4216 perﬁdo
736 4162 854 4200 non
878 4147 972 4201 hic
995 4148 1162 4202 exsul
1185 4150 1695 4207 exterminabitur.

43 4239 143 4291 {os
176 4249 387 4288 omnes
419 4235 690 4305 perjuros
721 4239 776 4290 et
804 4251 1004 4303 regem
1037 4238 1216 4304 digne
1249 4241 1699 4310 necabimus,et

43 4321 391 4381 lichardum
424 4329 599 4379 tantae
631 4324 868 4379 ditionis
898 4343 1153 4398 puerum
1193 4345 1265 4382 ne
1295 4329 1522 4385 exsulet
1549 4330 1695 4386 libe-

43 4413 380 4470 abimus.»
447 4412 686 4467 Plurimi
737 4419 938 4469 autem
1001 4415 1298 4487 principes
1350 4419 1694 4488 asperrimis

43 4503 250 4558 :ivium
282 4499 480 4554 verbis
511 4502 810 4571 exagitati,
858 4503 1132 4574 ferroque
1179 4504 1366 4558 induti
1420 4506 1696 4562 velociter

43 4597 80 4647 at
127 4589 335 4653 armis,
378 4589 630 4645 miscent
660 4607 720 4645 se
770 4599 1013 4647 armatae
1060 4592 1239 4663 plebi.
1274 4593 1514 4649 Plurimi
1556 4612 1694 4651 vero

43 4679 388 4737 ‘usticorum
421 4679 860 4734 animositatem
891 4686 1221 4736 metuentes
1255 4681 1536 4738 domibus
1567 4684 1690 4739 suis

43 4772 464 4832 ‘emanserunt,
499 4768 651 4822 ostia
679 4768 898 4823 obnixe
925 4769 1338 4826 obfirmantes.
1373 4771 1530 4827 Illico
1551 4789 1692 4829 vero

44 4858 202 4915 )lebs
247 4873 385 4911 cum
439 4857 682 4911 armatis
737 4857 1024 4912 militibus
1085 4859 1328 4914 ferventi
1389 4861 1591 4916 animo
1638 4867 1693 4917 et

43 4944 223 5000 :itatis
281 4945 581 5011 gressibus
635 4944 917 5001 festinant
968 4962 1170 5015 regem
1222 4947 1503 5003 invadere
1553 4966 1691 5005 cum

43 5033 154 5089 :uis
185 5033 659 5088 comitibus.Bex
688 5040 888 5090 autem
921 5040 983 5089 ut
1014 5035 1382 5089 tumultuarii
1413 5038 1691 5108 strepitus

44 5137 311 5180 nurmur
335 5122 581 5191 audivit,
615 5122 793 5192 cmpit
818 5122 1113 5194 inquirere
1136 5139 1383 5177 causam
1410 5123 1563 5179 illius
1583 5125 1686 5180 rei.

43 5213 387 5281 )ictumque
416 5215 502 5265 est
547 5211 636 5264 ei:
680 5234 707 5258 ‹‹
743 5211 910 5266 Urbis
959 5211 1125 5266 istius
1174 5211 1490 5284 principes,
1545 5214 1690 5284 quia

44 5298 397 5359 tichardum
427 5303 603 5354 tantae
635 5300 758 5372 spei
790 5315 1045 5371 puerum
1091 5300 1149 5354 in
1196 5302 1468 5372 captione
1500 5307 1687 5371 tenes,

43 5389 293 5460 gestiunt
325 5391 379 5441 te
408 5387 690 5442 invadere
717 5388 1079 5444 festinanter.
1114 5390 1218 5444 Vix
1249 5391 1468 5446 evades
1498 5391 1691 5447 immi-

43 5493 184 5537 iens
210 5473 563 5547 periculum.
595 5475 692 5529 vix
718 5475 1068 5534 liberaberis
1101 5495 1137 5534 a
1167 5479 1355 5535 turbis
1387 5481 1607 5536 civium
1635 5482 1691 5536 et

43 5578 363 5625 erorum.
399 5585 427 5610 »
468 5564 636 5617 Mune
667 5579 770 5618 rex
817 5565 1018 5635 algido
1048 5583 1272 5640 pavore
1303 5585 1688 5643 praeoccupa-

45 5673 148 5719 us,
181 5650 668 5723 imminentisque
698 5654 886 5710 ruinae
932 5673 1074 5713 casu
1125 5661 1411 5716 tremulus
1460 5664 1515 5715 et
1547 5675 1689 5714 con-

43 5759 266 5811 :ussus,
298 5741 543 5799 tandem
567 5742 628 5799 in
677 5746 1065 5820 semetipsum
1094 5765 1391 5821 reversus,
1422 5749 1582 5808 misit
1611 5749 1691 5807 ad

1803 503 2140 553 succureret
2169 499 2218 553 ei
2251 515 2360 570 pro
2388 515 2594 554 amore
2629 499 2728 553 Dei
2753 498 3032 552 velocius.
3073 497 3183 563 Qui
3235 500 3463 554 concito

1801 587 2029 642 remisit
2059 588 2134 642 ad
2165 605 2303 643 eum
2339 589 2461 643 haec
2503 589 2687 643 verba
2731 587 3030 642 dicturum
3061 604 3074 640 :
3126 606 3156 640 ‹
3188 591 3314 642 Non
3343 603 3461 658 me,

1800 691 1910 731 nec
1940 676 2106 731 illum
2138 677 2446 744 liberabo;
2495 678 2598 732 sed
2633 678 2745 732 hac
2779 675 3069 730 seditione
3115 676 3347 743 oborta,
3400 682 3467 734 ut

1801 769 2071 832 autumo,
2145 767 2416 822 interibo.
2457 791 2483 815 ››
2540 770 2700 822 Tunc
2757 766 2970 820 iterum
3017 779 3120 818 rex
3167 765 3331 820 misit
3385 766 3464 822 ad

1801 869 1961 924 eum,
2013 860 2077 909 ut
2124 872 2246 927 quo
2277 856 2512 912 liberari
2544 859 2750 928 posset
2795 855 2965 909 daret
3017 852 3066 908 ei
3119 855 3459 911 consilium.

1803 944 2139 1002 Bernardus
2188 949 2389 999 autem
2440 946 2653 1000 timens
2697 961 2772 999 ne
2817 943 3187 999 occideretur
3233 944 3359 1017 ipse
3405 948 3464 1000 et

1801 1048 1922 1094 rex,
1966 1034 2279 1088 remandat
2326 1039 2390 1089 ut
2439 1035 2738 1106 accipiens
2791 1034 2850 1089 in
2896 1033 3051 1088 ulnis
3099 1033 3464 1090 Richardum

1802 1123 2070 1194 prtecelsi
2103 1123 2304 1178 auxilii
2333 1141 2609 1195 puerum,
2637 1124 2861 1179 veniret
2891 1121 3252 1196 supplex'ad
3281 1123 3462 1179 mise-

1802 1212 2119 1266 ricordiam
2151 1213 2407 1267 militum
2442 1219 2496 1268 et
2528 1214 2767 1268 civium.
2811 1217 2930 1268 Rex
2960 1219 3161 1268 autem
3185 1214 3274 1267 sui
3305 1212 3462 1268 difﬁ-

1802 1300 1972 1366 dens,
2008 1317 2375 1374 suorumque
2415 1302 2712 1357 interitum
2742 1306 2798 1356 et
2827 1301 3290 1356 internecionem
3340 1317 3463 1356 me-

1802 1394 1994 1455 tuens,
2030 1391 2289 1462 suscepit
2317 1391 2376 1446 in
2403 1391 2665 1446 brachiis
2714 1391 2837 1445 suis
2867 1390 3228 1444 Richardum
3283 1395 3461 1444 tantae

1801 1475 2165 1532 liberationis
2195 1495 2472 1551 puerum,
2519 1485 2574 1534 et
2622 1477 2831 1534 detulit
2884 1487 3019 1532 ante
3068 1481 3462 1547 conspectum

1803 1571 2195 1629 armatorum,
2228 1585 2290 1621 se
2321 1573 2376 1622 et
2405 1584 2565 1634 suos,
2608 1566 2860 1639 supplici
2889 1581 3035 1621 voce
3064 1580 3323 1636 poscens
3349 1565 3462 1620 mi-

1803 1654 2187 1710 sericordiam
2232 1657 2493 1725 illorum,
2546 1656 2816 1711 occidere
2858 1653 3201 1709 volentium.
3255 1657 3461 1710 «Ecce

1739 1759 1775 1811 Β
1802 1758 1913 1811 ego
1953 1749 2010 1799 et
2037 1749 2233 1800 vester
2261 1746 2475 1814 senior,
2518 1745 2816 1818 quidquid
2855 1745 2928 1800 de
2954 1760 3050 1798 me
3077 1741 3256 1796 vultis
3288 1741 3461 1796 facite

1802 1832 1937 1892 cito,
1969 1837 2203 1888 tantum
2230 1850 2304 1889 ne
2336 1851 2431 1890 me
2461 1851 2749 1906 meosque
2789 1832 3073 1889 occidatis
3117 1829 3462 1903 suppliciter

1802 1921 2101 1994 imploro:
2145 1924 2290 1996 quia
2329 1929 2522 1980 vester
2568 1925 2852 1980 dominus
2899 1937 3024 1978 non
3067 1925 3332 1977 moratus
3375 1923 3463 1976 est

1802 2025 1985 2081 penes
2017 2028 2110 2067 me
2142 2017 2206 2067 ut
2234 2019 2444 2085 captus
2472 2018 2786 2080 teneretur,
2817 2013 2922 2068 sed
2953 2015 3018 2066 ut
3045 2009 3265 2066 notitiis
3296 2023 3463 2079 rega-

1801 2097 1979 2167 libus,
2024 2100 2427 2173 palatinisque
2471 2103 2766 2159 facundiis
2808 2103 3214 2157 instrueretur.
3268 2103 3339 2155 At
3380 2097 3462 2153 illi

1801 2186 2152 2258 recipientes
2184 2190 2542 2246 Richardum
2587 2196 2759 2246 tantae
2791 2190 3021 2246 virtutis
3049 2205 3329 2262 puerum,
3372 2203 3461 2243 re-

1802 2291 1939 2345 gem
1977 2277 2327 2334 humillimee
2355 2280 2794 2352 deprecationis
2819 2279 3086 2352 plenum,
3135 2278 3212 2334 ad
3259 2278 3460 2334 aulam

1802 2380 1923 2418 sum
1949 2365 2332 2422 habitationis
2354 2373 2410 2422 et
2440 2369 2517 2424 ad
2547 2385 2689 2424 suos
2713 2369 2905 2424 redire
2920 2369 3462 2441 permiserunt.Rex

1800 2459 2003 2509 autem
2050 2456 2381 2512 Ludovicus
2415 2459 2629 2513 anxius
2660 2475 2840 2530 super
2877 2459 2970 2513 his
2998 2457 3461 2530 importunitati-

1800 2542 1934 2608 bus,
1966 2559 2265 2616 superque
2302 2549 2564 2602 venturis
2590 2552 2811 2603 nutans
2843 2552 2900 2602 et
2926 2548 3206 2616 incertus,
3235 2545 3461 2601 salubri

1802 2648 2049 2688 suorum
2081 2634 2505 2706 episcoporum
2541 2641 2596 2691 et
2636 2636 2922 2691 comitum
2955 2634 3252 2703 consultu,
3301 2633 3461 2690 misit

1799 2725 1865 2776 ut
1893 2722 1971 2777 ad
2003 2739 2064 2777 se
2091 2723 2435 2779 festinarent
2472 2729 2792 2798 optimates
2819 2725 3068 2781 civitatis
3095 2723 3270 2791 illius,
3306 2722 3460 2778 scili-

1800 2815 1892 2865 cet
1923 2811 2210 2867 Rodulfus
2240 2817 2298 2867 et
2322 2813 2554 2884 Anslec,
2596 2819 2774 2885 atque
2817 2813 3174 2869 Bernardus.
3228 2811 3457 2872 Quibus

1800 2899 2119 2968 accersitis,
2187 2917 2516 2974 coramque
2565 2902 2860 2973 adductis,
2919 2918 3022 2957 rex
3086 2899 3459 2974 principibus

1799 2988 1930 3044 infit
1959 2989 2138 3044 tristis
2172 3006 2184 3044 :
2221 3012 2249 3038 «
2289 2993 2530 3047 Terrore
2557 2993 2766 3050 mortis
2796 2991 3028 3047 domini
3043 2989 3222 3046 vestri
3250 2989 3461 3046 acriter

1802 3077 2166 3149 admonitus,
2199 3095 2428 3152 vosque
2475 3097 2657 3154 super
2683 3081 2848 3154 quod
2878 3080 3094 3137 occidit
3136 3078 3458 3148 solaturus,

1801 3167 1919 3222 huc
1949 3169 2172 3225 accessi
2208 3188 2219 3236 ;
2265 3171 2372 3226 sed
2419 3171 2663 3227 acrioris
2696 3171 2937 3227 tristitiae
2975 3169 3215 3227 mcerori
3245 3167 3462 3225 tristior

1801 3255 2063 3322 obviavi,
2117 3259 2261 3330 quia
2304 3261 2480 3336 vestri
2528 3261 2862 3318 suburbani
2919 3277 3058 3317 cum
3101 3259 3349 3326 civibus,
3407 3260 3462 3314 et

1802 3344 2016 3400 milites
2046 3364 2184 3402 cum
2216 3350 2579 3406 rusticorum
2612 3355 2790 3420 ccetu,
2822 3368 2918 3406 me
2949 3365 3238 3422 meosque
3259 3347 3460 3404 volue-

1801 3439 1942 3488 runt
1968 3440 2291 3502 conterere,
2312 3443 2369 3492 et
2393 3439 2717 3494 dilacerare
2737 3440 3048 3512 repentino
3067 3438 3324 3494 interitu.
3347 3437 3460 3493 Sed

1803 3522 2081 3594 pestifero
2111 3528 2288 3579 tantm
2319 3526 2624 3581 seditionis
2662 3527 2853 3596 hoste,
2901 3531 3002 3580 tuo
3033 3525 3299 3594 consilio,
3333 3527 3462 3579 Ber-

1805 3611 2010 3677 narde,
2042 3611 2346 3678 liberatus,
2391 3613 2486 3668 dic
2515 3614 2663 3685 quid
2707 3630 2843 3668 sum
2894 3612 3175 3669 facturus.
3211 3615 3277 3667 Et
3324 3614 3458 3667 Ber-

1805 3700 2069 3754 nardus:
2124 3701 2305 3755 Nimis
2336 3717 2490 3770 aegre
2521 3706 2660 3757 tuus
2690 3702 2802 3757 fert
2830 3701 3068 3758 animus
3097 3699 3262 3773 quod
3305 3699 3458 3755 fece-

1805 3795 1946 3844 runt
1973 3789 2033 3844 in
2066 3795 2119 3845 te
2163 3791 2363 3846 rustici
2402 3807 2541 3846 cum
2569 3791 2817 3847 civibus.
2865 3794 3105 3864 Oportet
3131 3789 3309 3860 igitur
3339 3788 3458 3845 sal-

1807 3895 1950 3933 vum
1980 3883 2036 3933 te
2068 3879 2236 3935 reddi
2259 3896 2293 3936 a
2321 3880 2643 3953 propalatse
2668 3880 2944 3954 nequitiae
2959 3879 3460 3952 fraude.Denique

1807 3966 1951 4037 quia
1980 3972 2179 4023 noster
2209 3969 2409 4024 senior
2437 3970 2561 4024 dux
2588 3968 2928 4037 Willelmus,
2960 3968 3097 4025 felix
3121 3984 3228 4041 per
3256 3967 3461 4024 omnia

1808 4055 2028 4112 exstitit
2076 4062 2234 4121 tuus,
2279 4059 2448 4114 decet
2485 4075 2607 4131 quo
2649 4064 2867 4115 terram
2905 4059 3281 4115 haereditario
3327 4059 3460 4128 jure

1807 4145 2101 4202 Richardo
2130 4164 2363 4217 magnae
2406 4149 2763 4221 posteritatis
2792 4165 2980 4222 puero
3008 4147 3458 4221 possidendam,

1807 4240 2183 4291 sacramento
2227 4254 2408 4292 sacrze
2437 4237 2577 4293 ﬁdei
2623 4237 3023 4309 manibusque
3055 4251 3232 4308 super
3260 4250 3460 4291 sacro-

1808 4329 2013 4379 sancta
2055 4325 2420 4396 phylacteria
2460 4326 2666 4397 positis
2699 4326 2971 4381 sanciens
2997 4325 3341 4391 auctorizes,
3384 4327 3461 4378 te-

1805 4427 1924 4482 que
1951 4428 2077 4466 esse
2109 4412 2328 4467 abhinc
2357 4413 2705 4469 indemnem
2734 4413 2835 4480 illi,
2867 4418 2924 4469 et
2944 4413 3246 4485 deinceps,
3279 4415 3458 4484 atque

1804 4499 2141 4569 adjutorem
2172 4505 2229 4556 et
2255 4501 2629 4557 defensorem
2661 4507 2714 4558 te
2740 4518 2867 4558 esse
2898 4506 3103 4557 contra
3130 4500 3458 4570 terrigenas

1803 4603 2036 4643 omnes.
2083 4589 2174 4644 Sic
2203 4588 2464 4660 quiveris
2500 4589 2685 4645 laetari
2715 4594 2918 4645 nostro
2961 4589 3192 4645 servitio
3222 4594 3280 4645 et
3301 4588 3458 4644 mili-

1800 4677 2040 4743 tatione,
2070 4693 2182 4732 nos
2212 4682 2311 4733 tua
2334 4677 2513 4733 tutela
2544 4683 2599 4734 et
2620 4677 3140 4749 gubernatione.Si
3161 4678 3296 4751 quis
3317 4693 3456 4734 vero

1799 4766 1861 4820 in
1893 4770 1947 4820 te
1975 4765 2200 4822 rixatus
2221 4767 2410 4834 fuerit,
2428 4773 2804 4824 conteremus
2829 4768 3124 4839 eum,etsi
3153 4768 3457 4841 quispiam

1799 4855 2182 4910 insurrexerit
2208 4856 2269 4910 in
2296 4872 2428 4926 nos,
2457 4857 2666 4912 virtute
2700 4861 2812 4912 tuae
2844 4857 3120 4930 potentias
3148 4862 3457 4930 prosterno

1800 4943 1987 4998 humo
2035 4947 2208 4998 tenus
2252 4960 2413 4998 eum.
2450 4965 2481 4998 »
2524 4949 2684 5000 Tunc
2714 4961 2816 5000 rex
2866 4945 2927 5000 in
2957 4941 3098 5000 dolo
3145 4944 3460 5017 respondit

1801 5033 2135 5088 Bernardo:
2171 5054 2200 5086 ‹
2217 5035 2628 5108 Quodcunque
2653 5035 2896 5091 retulisti
2922 5035 3458 5110 faciam,meosque

1799 5120 2195 5177 volenteraut
2237 5123 2506 5178 nolenter
2532 5124 2722 5179 facere
2753 5123 2831 5179 ad
2861 5139 3130 5197 praesens
3163 5141 3400 5196 cogam.
3427 5147 3456 5176 η

1801 5208 1958 5264 Illico
1979 5209 2274 5266 Richardo
2294 5211 2617 5282 praedignm
2637 5211 2989 5268 innocentia:
3005 5229 3194 5286 puero
3210 5213 3458 5285 largitus

1800 5301 1887 5352 est
1914 5301 2136 5352 terram
2165 5298 2538 5356 haereditario
2560 5300 2656 5355 avi
2674 5301 2979 5375 patrisque
2998 5301 3130 5372 jure
3152 5303 3461 5375 possiden-

1797 5385 1941 5442 dam
1966 5402 1978 5440 :
2009 5385 2340 5459 deletisque
2367 5394 2714 5446 sanctorum
2735 5390 3127 5466 reliquiarum
3157 5392 3460 5466 phylacte-

1795 5476 1917 5542 riis,
1951 5476 2233 5533 manibus
2266 5493 2444 5550 super
2471 5479 2603 5552 ipsa
2633 5480 2954 5555 impositis,
2988 5481 3108 5538 Deo
3146 5485 3459 5542 nominato

1798 5567 1859 5623 in
1886 5566 2094 5640 primis
2136 5567 2362 5639 juravit
2404 5585 2466 5625 se
2510 5575 2718 5630 contra
2765 5590 2977 5632 omnes
3033 5573 3114 5631 illi
3162 5576 3456 5647 auxiliari,

1800 5675 2060 5732 suosque
2099 5659 2382 5732 praesules
2413 5664 2470 5716 et
2511 5664 2758 5723 comites
2788 5667 2949 5726 idem
2998 5665 3190 5724 facere
3244 5669 3457 5740 coegit.

1801 5751 1898 5811 His
1922 5751 2112 5810 taliter
2141 5751 2361 5812 sedatis
2382 5756 2438 5810 et
2458 5755 2727 5832 expletis,
2745 5777 2850 5821 rex
2875 5759 3282 5819 fraudulenter
3306 5759 3463 5837 prin-
