3878 6436
381 420 483 473 695

154 0 3067 183 1....-
3808 155 3815 193 ι

1357 414 1659 470 DUDONIS
1701 413 1955 468 DECANI
1996 410 2051 465 S.
2093 410 2399 474 QUINTINI
2439 410 2819 465 VIROMAND.

3733 418 3805 470 696

380 539 613 612 cipibus
636 536 1118 594 Morthmannicis
1148 537 1275 593 intit
1306 554 1317 592 :
1355 536 1697 603 «Quoniam
1745 535 2030 609 pollicita-
2066 535 2114 588 A
2216 534 2425 589 Comes
2455 550 2596 590 vero
2624 533 2905 589 Arnulfus
2933 533 3202 590 inaudita
3216 535 3626 592 fraudulenti
3660 536 3803 592 homi-

380 630 538 685 tione
558 628 885 698 juramenti
921 628 1151 683 veracis
1195 626 1373 681 ﬁdem
1402 627 1759 693 integerrimi
1811 625 2029 680 tenoris

378 722 577 774 vestro
609 717 823 772 seniori
849 716 1134 788 vobisque
1172 716 1369 788 peregi
1403 734 1417 784 ;
1451 722 1926 789 perseverantem
1960 715 2029 769 ﬁ-

380 807 617 863 duciam
653 805 830 860 vestri
859 805 1135 874 adjutorii
1176 806 1394 861 obnixe
1425 806 1498 861 de
1527 822 1623 860 me
1653 805 1943 871 habeatis,
1976 807 2031 858 et

379 894 577 949 nullus
608 897 873 947 vestrum
901 892 1195 947 ullatenus
1231 898 1396 949 nutet
1425 894 1644 948 auxilio
1698 893 2026 948 solaminis.

379 985 592 1037 Verum
625 981 918 1036 seniorem
940 981 1109 1036 sinite
1132 998 1369 1036 mecum
1400 982 1736 1049 morari,ut,
1761 981 2029 1036 facundae

377 1069 661 1125 ubertatis
692 1069 988 1141 colloquio
1012 1069 1277 1136 edoctus,
1294 1070 1483 1125 discat
1500 1070 1766 1137 deﬁnire,
1782 1075 1838 1125 et
1860 1070 2031 1125 detur

377 1159 609 1214 minare
646 1158 832 1213 verba
881 1159 1245 1230 scrupulosae
1289 1160 1388 1215 rei.
1446 1160 1841 1215 Plurimarum
1889 1176 2029 1215 vero

378 1262 576 1301 rerum
606 1246 877 1301 notitiam
899 1246 1108 1300 melius
1139 1246 1323 1301 discet
1350 1248 1410 1301 in
1436 1246 1658 1319 palatio
1681 1263 2028 1319 meo,quam

380 1352 763 1392 commorans
793 1336 853 1390 in
894 1352 1003 1389 sua
1028 1336 1229 1391 domo.
1267 1338 1634 1408 Quocumque
1661 1338 2023 1408 proficiscar,

378 1442 617 1480 mecum
666 1425 1071 1497 proﬁciscetur
1105 1443 1117 1479 :
1159 1440 1518 1498 quocunque
1548 1427 1852 1493 morabor,
1904 1443 2030 1482 mo-

378 1513 624 1569 rabitur.
679 1512 912 1568 Efﬁcaci
960 1514 1144 1585 patris
1174 1515 1302 1584 ejus
1353 1515 1716 1570 adminiculo
1761 1515 2027 1584 regimen

376 1603 552 1657 totius
606 1603 861 1658 Franciae
905 1608 961 1658 et
990 1604 1348 1673 Burgundiae
1385 1610 1598 1669 teneo;
1649 1605 1782 1659 ideo
1833 1605 2026 1675 ajutor

376 1695 433 1745 et
461 1690 679 1746 solator
708 1691 825 1757 isti,
857 1691 1128 1763 quandiu
1174 1699 1471 1764 superstes
1504 1694 1689 1759 fuero,
1723 1711 1841 1749 ero.
1878 1696 2025 1760 Quia

376 1784 545 1851 pater
582 1779 750 1834 istius
780 1795 889 1851 pro
915 1796 1012 1834 me
1042 1784 1231 1835 morte
1260 1788 1711 1854 prmoccupatus
1737 1784 1862 1850 fuit,
1903 1784 2023 1839 bel-

2138 623 2274 679 cidii
2306 624 2402 679 lue
2433 624 2709 691 fmdatus,
2741 624 3080 696 timensque
3108 625 3347 681 futuros
3381 625 3757 682 vindicaturi
3773 630 3801 683 si

2136 711 2288 766 bene
2319 713 2533 779 egisset
2566 711 2719 778 regis
2751 711 3065 780 adventus,
3100 714 3265 768 misit
3287 714 3374 769 ad
3391 730 3555 769 eum
3590 714 3799 787 legatos,

2137 801 2239 872 qui
2269 802 2698 872 subsequentia
2724 800 3005 867 dicerent,
3038 818 3177 857 cum
3220 803 3538 858 maximis
3574 806 3802 860 muneri-

2138 888 2287 943 bus:
2320 913 2347 939 (ι
2378 890 2625 945 Domine
2656 906 2757 945 rex
2785 889 3072 961 piissime,
3094 896 3301 946 noster
3333 892 3561 947 senior
3578 892 3801 964 plurima

2138 978 2418 1033 subactus
2447 977 2808 1045 inﬁrmitate,
2842 979 3094 1033 mandat
3145 980 3249 1035 tibi
3279 981 3460 1036 ﬁdeli
3496 982 3802 1051 servitium,

2138 1065 2183 1119 si
2214 1066 2407 1137 placet
2435 1067 2714 1138 recipere.
2747 1067 2917 1123 Falsa
2947 1067 3279 1140 propalatee
3314 1068 3512 1125 famae
3551 1070 3802 1143 opinione

2136 1154 2372 1223 audisti,
2413 1154 2690 1210 indebitae
2746 1155 3019 1210 Richardi
3077 1156 3249 1211 ducis
3304 1159 3505 1215 morti
3560 1166 3803 1216 nostrum

2133 1243 2425 1299 seniorem
2479 1245 2788 1300 Arnulfum
2822 1244 3060 1311 favisse,
3094 1262 3219 1318 qua
3250 1264 3315 1302 se
3348 1253 3593 1304 contra
3628 1254 3683 1305 te
3709 1251 3803 1305 vult

2135 1333 2373 1402 expiare
2403 1339 2458 1388 et
2483 1334 2823 1400 emendare,
2846 1334 3076 1404 judicio
3106 1340 3381 1406 tuorum,
3420 1337 3607 1407 igne.
3642 1339 3804 1395 Milites

2135 1436 2292 1486 vero,
2327 1421 2546 1493 quibus
2575 1421 2900 1477 Richardus
2928 1422 3189 1494 plurima
3216 1424 3392 1480 mala
3422 1426 3666 1497 intulit,
3702 1429 3803 1499 qui-

2133 1524 2249 1579 que
2281 1510 2454 1564 morti
2495 1510 2663 1565 illum
2691 1510 3129 1582 applicuerunt,
3162 1528 3235 1567 ex
3266 1516 3420 1569 tunc
3456 1515 3742 1579 minabit,
3770 1518 3803 1571 si

2134 1596 2351 1651 talibus
2382 1598 2550 1653 factis
2577 1599 2829 1668 gratiam
2863 1604 3027 1655 tuam
3057 1601 3275 1672 poterit
3290 1605 3802 1674 promereri.Qua-

2134 1691 2301 1741 tenus
2324 1689 2646 1744 annuendo
2663 1689 3048 1760 petitionibus
3073 1691 3203 1760 ejus
3224 1691 3595 1749 benevolus
3614 1696 3797 1763 faveas,

2130 1774 2302 1829 mittit
2344 1776 2447 1831 tibi
2492 1776 2675 1832 libras
2722 1778 2851 1832 auri
2883 1778 3183 1849 purissimi
3217 1779 3315 1834 bis
3370 1782 3639 1852 quinas.
3685 1785 3797 1847 Quin

375 1867 475 1922 lua
505 1867 799 1923 crudelior
823 1884 944 1935 ero,
964 1868 1153 1923 sinon
1188 1870 1502 1924 auxiliatus
1532 1871 1697 1926 fuero
1727 1871 1839 1927 isti.
1866 1892 1894 1923 »
1928 1873 2024 1928 His
2065 1879 2104 1932 Β
2134 1864 2307 1919 ctiam
2340 1865 2625 1920 Universae
2648 1867 2905 1935 regionis
2924 1884 3047 1922 sua?
3070 1868 3292 1924 tributa
3314 1873 3666 1929 annuatim
3685 1874 3796 1928 dum

376 1956 555 2025 igitur
584 1956 976 2012 fraudulentis
1005 1958 1159 2025 regis
1200 1958 1533 2014 simulantis
1573 1960 1824 2032 aloquiis
1865 1963 2026 2032 prin-

375 2043 534 2115 cipes
561 2045 1105 2099 Northmannorum
1136 2045 1385 2118 decepti,
1418 2048 1913 2119 mancipaverunt
1940 2050 2029 2105 Ri-

376 2133 688 2198 chardum,
718 2133 1064 2188 desiderata:
1098 2135 1223 2205 spei
1262 2151 1537 2206 puerum,
1572 2138 1868 2192 Ludovico
1904 2139 2028 2206 regi

376 2220 454 2275 ad
485 2220 888 2275 educandum.
906 2224 1023 2275 Rex
1040 2237 1180 2276 vero
1202 2222 1339 2277 hinc
1361 2240 1498 2277 cum
1528 2240 1714 2296 puero
1732 2226 1808 2279 ad
1832 2226 2029 2281 Ebroi—

377 2307 641 2362 cacensis
673 2307 836 2362 urbis
862 2307 1161 2379 profectus
1194 2310 1415 2366 moenia
1443 2311 1801 2383 disponebat
1830 2315 2026 2386 reipu-

376 2394 547 2450 blicae
569 2395 726 2464 jura.
743 2395 1076 2451 Simulabat
1102 2413 1202 2451 ore
1226 2402 1282 2452 et
1300 2414 1477 2468 opere
1507 2398 1682 2462 bonae
1712 2400 2028 2458 voluntatis

378 2482 767 2552 adjutorium,
796 2499 1003 2538 verum
1034 2484 1095 2539 in
1140 2486 1317 2540 corde
1366 2487 1611 2556 gerebat
1640 2490 1811 2544 malae
1838 2490 2027 2546 inten-

377 2570 551 2627 tionis
572 2572 961 2643 propositum.
998 2573 1101 2627 Diu
1134 2576 1441 2630 morulans
1475 2577 2027 2649 Ebroicas,cogens-

376 2675 493 2731 que
559 2659 815 2715 subdolo
850 2662 1026 2716 corde
1078 2662 1155 2717 ad
1198 2662 1539 2721 ﬁdelitatem
1591 2669 1760 2738 pueri
1809 2669 2027 2725 civium

376 2751 628 2817 turmas,
659 2749 869 2820 repetit
900 2750 1394 2820 Rothomagensis
1422 2754 1583 2809 urbis
1612 2756 1855 2827 palatia.
1890 2761 2028 2813 Pos-

376 2840 500 2891 tera
523 2836 641 2905 die,
656 2837 1025 2909 principibus
1047 2839 1297 2895 civitatis
1319 2844 1633 2911 accersitis,
1653 2845 2030 2904 fraudulenta

375 2928 430 2979 et
459 2924 669 2980 dolosa
710 2926 891 2981 verba
917 2928 1113 2983 retulit
1149 2946 1160 2982 :
1221 2952 1247 2977 ‹‹
1278 2932 1465 3003 Super
1488 2932 1697 2988 damni
1727 2940 1783 2990 et
1806 2935 2029 2991 doloris

374 3012 559 3067 nostri
603 3018 926 3081 auctorem,
978 3019 1339 3088 properandi
1394 3020 1588 3075 habeo
1621 3022 2024 3080 intentionem.

375 3101 653 3155 Revertar
681 3101 760 3156 ad
788 3103 1164 3171 Laudunum,
1195 3105 1496 3162 deducens
1526 3126 1765 3166 mecum
1797 3113 2033 3167 Richar-

378 3186 525 3241 dum
555 3187 790 3243 ﬁduciae
820 3195 1022 3245 vestrae
1055 3208 1311 3263 puerum
1337 3213 1349 3262 ;
1381 3195 1639 3268 hincque
1663 3201 2027 3269 Burgundio-
2066 3226 2105 3279 ρ

377 3273 556 3330 nibus
585 3276 800 3331 ascitis.
817 3280 1312 3353 Francigenisque
1332 3284 1721 3354 conglobatis,
1735 3288 2024 3346 obsidebo

377 3361 749 3418 Attrabatum
778 3365 968 3421 donec
1008 3368 1244 3439 capiam
1270 3370 1454 3435 illum.
1485 3374 1704 3430 Omnes
1728 3392 1868 3432 vero
1891 3379 2026 3434 sub-

376 3455 604 3505 vertam
658 3453 1018 3510 munitiones
1074 3456 1542 3529 Flandrensium,
1601 3468 1657 3518 et
1713 3465 2025 3538 dissipabo

378 3538 664 3595 hostiliter
721 3540 885 3598 bona
938 3543 1210 3617 illorum.l
1245 3549 1655 3623 Quodcunque
1712 3556 2024 3615 Arnulfum

379 3625 621 3696 scivero,
653 3627 790 3684 illuc
838 3631 955 3686 mei
1014 3634 1303 3690 exercitus
1357 3652 1629 3706 gressum
1681 3642 2026 3702 festinanter

375 3714 703 3785 protelabo.
766 3717 1055 3776 Ultionem
1107 3738 1292 3794 quam
1340 3732 1599 3783 meretur
1648 3730 1700 3786 ei
1750 3732 2022 3802 reddam,

377 3802 427 3857 si
492 3802 639 3859 forte
723 3805 893 3862 illum
970 3826 1230 3882 usquam
1285 3813 1608 3874 inveniam.
1658 3822 1771 3875 Vos
1824 3827 2025 3879 autem

377 3896 560 3947 estote
616 3896 956 3966 praeparati,
1010 3904 1077 3953 ut
1120 3906 1385 3958 vestrum
1436 3908 1731 3964 seniorem
1787 3927 2023 3968 mecum

374 3978 703 4035 vindicetis.
736 4004 763 4032 »
802 3984 1031 4041 Talium
1060 3989 1499 4060 sophismatum
1550 3995 2026 4057 simulationibus

376 4068 676 4135 excmcaﬁ,
734 4069 999 4129 siverunt
1053 4074 1263 4133 futurae
1319 4081 1450 4152 opis
1507 4098 1763 4154 puerum
1820 4088 1898 4144 ab
1953 4107 2025 4147 eo

377 4153 616 4209 deduci.

1015 4248 1395 4295 APOSTROPHA.

522 4315 888 4387 Rothomage
919 4323 1057 4375 tuus
1080 4324 1263 4382 modo
1289 4344 1457 4400 puer,

521 4403 776 4460 Marchio
800 4407 933 4477 jure
964 4414 1173 4481 potens
1202 4415 1305 4472 tibi
1331 4417 1526 4488 datus,

520 4492 737 4563 Captus
771 4495 940 4553 adest
966 4499 1128 4574 quia,
1158 4503 1375 4576 plange
1405 4510 1731 4568 tremulans

520 4582 792 4671 Regeque
826 4588 1317 4667 Francigenisque
1338 4598 1600 4671 Satrapis

518 4670 774 4744 Ducitur,
806 4672 925 4731 heu
949 4677 1150 4737 dolor!
1183 4683 1417 4743 advena
1444 4670 1601 4745 velut

517 4759 825 4831 Dacigenis
854 4765 1078 4824 stolidis
1104 4774 1471 4845 proceribus.

710 4921 1093 4966 APOSTROPHA.

517 5026 560 5081 0
584 5027 900 5100 Ludovice,

1690 5044 1982 5116 Religioso

518 5115 575 5172 Si
603 5115 757 5174 bene
796 5120 975 5176 corde

1689 5131 2073 5209 Innocuoque

1689 4868 1929 4926 Vindice
1959 4875 2145 4941 tanto,

1691 4958 1856 5013 Patre
1885 4959 2160 5017 Richardi

2136 1952 2347 2008 vixerit
2374 1954 2476 2009 tibi
2508 1954 2662 2009 ultro
2713 1955 2914 2011 solvet.
2962 1956 3278 2012 Servitium
3334 1963 3528 2015 tuum
3587 1962 3680 2017 sui
3722 1979 3798 2034 per

2135 2041 2339 2095 omnia
2391 2042 2625 2111 facient,
2655 2047 2711 2098 et
2738 2059 3103 2116 quocunque
3151 2048 3509 2116 perrexeris
3543 2050 3799 2105 hostiliter

2135 2135 2401 2200 pergent.
2432 2131 2561 2203 Ipse
2593 2132 2873 2187 accedere
2904 2132 2981 2187 ad
3012 2136 3066 2187 te
3104 2134 3338 2206 nequit,
3363 2138 3531 2207 quia
3556 2139 3799 2211 podagra

2138 2218 2248 2271 scis
2280 2234 2415 2273 eum
2449 2220 2675 2275 irretiri.
2709 2224 2966 2276 Foveant
2990 2237 3199 2293 preces
3229 2229 3473 2280 nostrae
3508 2226 3797 2295 indulgen-

2138 2305 2276 2360 tiam
2312 2312 2422 2363 tuae
2440 2309 2692 2380 pietatis,
2710 2309 2808 2364 trli
2840 2308 3128 2365 aﬂlictum
3152 2311 3543 2369 inﬁrmitatis
3564 2316 3798 2377 vulnere,

2135 2394 2355 2467 talique
2402 2397 2526 2453 sine
2573 2414 2634 2453 re
2664 2398 2971 2470 culpatum
3010 2400 3281 2465 crimine,
3318 2403 3708 2460 miserantis.
3735 2404 3800 2459 Mi-

2137 2484 2349 2539 seratio
2376 2486 2671 2556 condigna
2697 2494 3072 2560 praeoccupet
3101 2489 3375 2546 furorem
3402 2496 3799 2563 tuum,utnon

2136 2571 2377 2629 deseras
2419 2591 2658 2630 servum
2704 2581 2895 2647 tuum,
2926 2576 3051 2631 sine
3082 2594 3274 2633 causa
3334 2596 3376 2635 a
3439 2586 3502 2637 te
3559 2598 3798 2637 exosum.

2136 2664 2257 2716 Tua
2286 2668 2372 2717 est
2402 2664 2681 2734 potentia,
2716 2668 3009 2737 tuumque
3040 2682 3300 2735 regnum
3337 2686 3352 2723 :
3412 2670 3557 2726 noli
3586 2672 3800 2744 perdere

2136 2749 2300 2819 quod
2334 2749 2432 2804 tibi
2472 2756 2561 2806 est
2613 2753 3028 2807 commissum.
3088 2754 3346 2810 Facilius
3400 2764 3594 2829 potes
3624 2774 3800 2814 omnes

2139 2837 2523 2894 Flandrenses
2554 2841 2801 2912 perdere
2826 2856 3013 2912 quam
3040 2857 3189 2897 vasa
3204 2843 3408 2901 vitrea
3444 2848 3677 2904 malleo
3697 2863 3801 2903 con

2137 2930 2339 2981 terere.
2365 2949 2391 2975 »
2421 2930 2579 2983 Tunc
2611 2928 2766 2997 regis
2795 2929 3115 2985 consiliarii
3140 2934 3524 2990 muneribus
3554 2936 3799 2992 excaecat

2136 3009 2411 3066 dixerunt
2465 3012 2558 3067 ei:
2612 3035 2638 3060 «
2684 3016 2810 3068 Non
2841 3018 3075 3085 oportet
3126 3019 3180 3069 te
3231 3016 3339 3071 ulli
3392 3021 3797 3091 praejudicium

2137 3098 2347 3163 facere,
2381 3100 2483 3171 qui
2511 3117 2571 3155 se
2603 3101 2705 3156 tibi
2735 3101 2949 3169 satagit
2969 3101 3329 3171 justiﬁcare.
3374 3106 3734 3165 Immunem
3759 3124 3799 3162 se

2137 3204 2172 3242 a
2202 3188 2417 3244 doloso
2450 3190 2664 3246 scelere
2708 3191 2978 3260 mandat,
3036 3208 3304 3266 suosque
3342 3198 3703 3266 Justiﬁcare
3730 3204 3800 3252 aut

2135 3278 2526 3332 exterminare
2567 3279 2872 3335 deliberat.
2916 3282 3025 3335 Pro
3055 3296 3179 3336 non
3229 3289 3689 3357 recuperando
3713 3303 3802 3359 quo

2133 3365 2382 3435 indiges,
2433 3383 2554 3422 non
2585 3368 2768 3424 debes
2799 3368 3047 3440 perdere
3078 3385 3265 3441 quem
3300 3377 3513 3445 tenes,
3553 3394 3743 3450 neque
3769 3382 3802 3429 te

2135 3454 2428 3510 ullatenus
2460 3456 2557 3511 illo
2588 3457 2877 3513 frustrari.
2915 3460 3135 3515 Omnes
3162 3461 3269 3533 qui
3302 3465 3689 3523 occidentur
3715 3481 3803 3521 non

2134 3542 2235 3597 tibi
2267 3547 2354 3598 est
2374 3544 2474 3614 jus
2505 3546 3117 3615 vindicare,residuos
3139 3548 3220 3604 ob
3250 3558 3539 3610 mortem
3576 3557 3803 3612 rixantes

2133 3631 2469 3703 paciﬁcare.
2504 3635 2898 3690 Reminiscere
2929 3636 3229 3693 malorum
3277 3644 3337 3695 et
3370 3645 3677 3713 pudoris,
3701 3660 3805 3716 qua

2133 3721 2193 3775 in
2223 3724 2277 3776 te
2305 3724 2694 3779 Northmanni
2718 3725 3089 3794 Rothomago
3120 3739 3573 3803 exercuerunt,
3609 3740 3667 3790 et
3693 3750 3805 3806 prae

2134 3826 2279 3865 cave
2324 3827 2398 3867 ne
2430 3814 2636 3883 pejora
2667 3813 2768 3868 tibi
2798 3813 3226 3885 impertientes,
3261 3820 3807 3880 Northmannicum

2135 3898 2407 3955 auferant
2478 3901 2586 3957 tibi
2659 3917 2934 3969 regnum.
2995 3924 3022 3952 »
3101 3906 3265 3960 Tunc
3353 3908 3806 3968 l-‘landrenses:

2138 4009 2163 4058 ς‹
2213 3989 2424 4042 Praeter
2469 3988 2596 4043 hcec
2638 3990 2892 4045 mandat
2934 3994 3137 4047 noster
3167 3993 3375 4049 senior
3420 3997 3548 4054 tibi
3591 4014 3808 4073 prasina.

2134 4068 2362 4130 itimum
2434 4077 2749 4133 consilium
2806 4079 2988 4150 hujus
3041 4080 3145 4135 rei.
3226 4084 3391 4138 Tene
3460 4068 3808 4145 Richardum

2132 4154 2322 4217 ﬁlium
2370 4163 2431 4218 in
2475 4165 2925 4238 sempiternum,
2974 4171 3032 4222 et
3059 4184 3205 4223 usus
3249 4168 3508 4229 fructus
3564 4177 3736 4247 regni
3772 4175 3809 4227 in

2135 4257 2443 4307 aeternum.
2461 4254 2743 4326 Opprime
2772 4255 2903 4310 diro
2933 4255 3080 4325 legis
3107 4257 3257 4328 jugo
3281 4264 3341 4314 et
3371 4266 3652 4321 servitio
3682 4272 3809 4319 terra

2134 4341 2288 4397 illius
2334 4342 2720 4413 habitatores,
2775 4349 2832 4400 et
2861 4360 3007 4415 coge
3055 4345 3190 4402 illos
3244 4350 3489 4407 servire
3556 4355 3672 4411 tibi
3713 4354 3810 4409 ohe-

2134 4431 2380 4487 dienter.
2431 4450 2461 4483 ›
2532 4433 2711 4503 Cujus
2767 4434 2936 4505 pravi
2989 4436 3220 4491 consilii
3279 4439 3741 4500 exhortatione
3780 4448 3812 4493 et

2135 4520 2486 4576 muneribus
2537 4538 2642 4576 rex
2705 4522 2989 4596 deceptus
3046 4530 3103 4579 et
3159 4535 3534 4587 excmcatus
3598 4531 3812 4589 detinui:

2136 4609 2498 4665 Richardum
2549 4611 2695 4667 tanti
2753 4613 2922 4683 pretii
2976 4629 3254 4685 puerum,
3310 4622 3377 4672 et
3440 4621 3698 4679 dimisit
3743 4631 3814 4677 Ar-

2133 4698 2299 4753 nulfo
2329 4715 2463 4771 quas
2489 4699 2895 4757 fraudulenter
2916 4702 2991 4758 de
3016 4702 3324 4761 Willelmo
3348 4706 3584 4769 fuerat
3610 4716 3813 4785 propter

2134 4802 2293 4842 eunL

2861 4881 3283 4955 Multiplicatos

2864 4970 3137 5043 Undique
3177 4977 3431 5033 tractus

2860 5061 2977 5117 Cur
3006 5060 3197 5116 abicis
3226 5066 3421 5134 quod

2860 5149 2891 5202 J
2897 5164 2997 5203 am
3020 5158 3431 5216 sacramento

3817 215 3820 299 l

514 5205 661 5306 Yota
685 5205 940 5276 teneres,
1022 5297 1054 5306 ﬂ
1688 5221 1935 5294 Martyre
1968 5205 2195 5289 Ohristi,
2861 5236 3184 5306 Religionis

516 5293 780 5383 Quaeque
811 5297 1078 5368 sacrasti,
1691 5307 2093 5381 Simplicitate,
2863 5293 3371 5383 Christicolarum

515 5381 635 5471 Itex
660 5382 996 5471 recolende,
1691 5398 1756 5451 Et
1784 5397 2077 5468 probitate
2864 5414 3006 5467 Jure
3036 5412 3221 5468 tulisti
3254 5415 3286 5471 ‘I

518 5468 666 5559 pum
696 5467 1134 5559 beneregnans
1687 5467 2046 5543 Muniﬁcato.
2867 5503 2983 5558 Cur
3007 5467 3317 5559 resolutus

515 5555 871 5661 imperitasti
904 5575 917 5625 ;
1687 5572 1971 5646 Belgiqua
1998 5592 2121 5650 qua
2140 5596 2324 5650 nunc,
2867 5555 3019 5661 Lege

513 5643 871 5758 ﬁpxiliaante,
1688 5643 1901 5758 Oeltica
1922 5643 2109 5758 necne
2311 5643 2322 5650 ν
2865 5643 3402 5758 ῌέῖεῐηᾱα,

509 5731 979 5843 Ξνωῗὶἀίιιξηειιιθ
1686 5751 2111 5843 estnquitana

511 5823 697 5881 Dante
731 5825 971 5885 salubre
1688 5839 1870 5908 Gallia
1884 5823 2092 5927 porgit
2866 5823 3351 5935 Proditusasjtu;
