3968 6402
97 299 217 351 697

99 421 360 490 Linguis
382 422 726 492 honestum,

94 513 366 582 Jamque
394 513 634 568 revulsa

97 603 262 655 Pace
294 605 564 657 tenorem

97 689 492 744 Credulitatis
510 691 538 745 ?

97 782 229 834 Cur
261 779 662 852 sobolemque

97 867 274 922 Illius
312 868 480 936 almi,

98 959 259 1011 Lore
291 956 542 1025 ligatam

95 1044 459 1116 lmpietatis,

1307 431 1528 484 Fomite
1559 445 1762 500 pravo.

1302 613 1439 662 Atra
1470 607 1690 679 cupido

1303 700 1464 752 Sorte
1493 697 1693 766 cupita

1302 787 1526 840 Detinet
1554 785 1720 839 exlex
1745 785 1772 838 ?

1299 967 1522 1036 Sperne
1558 970 1751 1018 tenere

621 299 711 354 DE
755 300 996 357 GESTIS
1037 303 1464 361 NORMANNLE
1505 305 1742 360 DUCUM
1782 301 1964 358 LIBRI
2003 305 2198 360 TRES.
2241 337 2310 346 —
2351 307 2478 361 LIB.
2525 309 2614 361 111.
2658 304 3076 362 RICHARDUS.

1303 519 1427 572 Heu
1451 520 1461 573 !
1493 536 1559 572 ve
1567 518 1892 584 getandum

1299 876 1507 930 Desine
1539 890 1817 946 pravum,

1298 1057 1560 1124 Quisque
1595 1052 1855 1107 nefanda

2483 431 2632 486 Mitte
2665 429 3054 500 Richardum,

2484 518 2740 587 Postulo,
2774 518 3099 589 ephebum,

2483 609 2613 671 Quo
2640 623 2750 661 sua
2769 608 2909 677 jura

2482 695 2730 766 Impleat
2759 695 2940 750 alma.

2481 787 2609 850 Quo
2644 785 2808 856 capis
2839 785 3027 852 illum,

2478 877 2559 928 Tu
2595 875 2868 946 capieris,

2481 967 2545 1018 Et
2571 964 2696 1017 vice
2727 964 2912 1034 digna

2477 1053 2864 1122 Regredieris.

175 1138 318 1190 Erat
375 1142 576 1191 autem
622 1137 872 1208 quidam
917 1141 1027 1196 tiro
1071 1145 1314 1199 nomine
1361 1144 1770 1209 Hosmundus,
1811 1149 1855 1198 Α
1886 1143 1978 1196 dis
2033 1142 2200 1196 illum
2276 1144 2654 1198 sermonibus
2713 1144 2964 1199 libenter
3028 1145 3430 1214 insignibant;
3493 1152 3552 1203 et

93 1223 387 1278 Richardi
439 1241 695 1280 summie
745 1228 1099 1285 celebritatis
1154 1234 1322 1305 pueri
1372 1234 1674 1298 educator,
1719 1238 1776 1287 et

90 1312 257 1366 altor
292 1313 740 1382 sagacissimus.
797 1317 905 1381 Qui
936 1321 1204 1389 quadam
1236 1321 1329 1376 die
1362 1322 1604 1377 absente
1635 1336 1772 1386 rege

89 1402 420 1456 immeritae
468 1403 762 1474 captionis
808 1421 1062 1477 puerum
1113 1411 1377 1482 equitare
1406 1411 1540 1464 fecit
1566 1410 1643 1464 ad
1672 1427 1774 1464 au-

89 1491 376 1562 cupium,
425 1497 488 1545 ut
537 1492 790 1548 disceret
837 1495 1005 1551 alites
1055 1515 1268 1570 capere
1318 1517 1426 1554 suo
1470 1500 1767 1572 accipitre.

89 1580 254 1634 Cum
298 1597 442 1634 vero
473 1597 576 1634 rex
609 1588 1016 1654 reverteretur,
1064 1592 1119 1642 et
1148 1590 1367 1657 reginae
1417 1589 1612 1643 verbis
1641 1593 1773 1643 Ger-

85 1670 304 1738 berga:
364 1671 539 1726 sciret
595 1673 763 1744 quod
820 1676 1063 1746 puerilis
1118 1678 1524 1734 delectationis
1573 1679 1770 1734 studio

87 1759 451 1814 memoralis
501 1761 759 1816 scientiae
785 1779 933 1834 puer
963 1765 1292 1821 Richardus
1336 1773 1502 1822 extra
1543 1769 1771 1822 Laudu-

87 1864 247 1902 num
279 1849 1019 1920 proﬁcisceretur,rogavit
1045 1855 1123 1909 ad
1157 1873 1216 1910 se
1249 1858 1449 1911 venire
1479 1861 1767 1912 Hosmun-

88 1937 249 1992 dum
285 1939 644 2007 magistrum
673 1941 931 2010 ejus.lllo
961 1961 1162 1999 coram
1197 1947 1412 2000 astanti
1442 1947 1606 2000 furiis
1631 1947 1768 2000 bac-

88 2027 313 2081 chatus
365 2027 621 2096 acerbis,
669 2029 1092 2086 demonstrans
1137 2035 1438 2089 obtectum
1470 2036 1572 2089 diu
1601 2036 1766 2090 nefa-

86 2115 194 2169 riae
229 2116 527 2186 captionis
577 2124 870 2173 secretum
901 2120 1064 2175 inﬁt:
1101 2145 1126 2169 ‹‹
1178 2123 1434 2194 Nequior
1460 2124 1764 2188 omnibus,

86 2220 391 2275 quorsum
439 2205 738 2260 deduxisti
771 2208 1065 2264 seniorem
1104 2216 1270 2265 tuum
1295 2212 1768 2268 nmliustertius?

91 2293 362 2348 Senioris
423 2293 505 2348 tui
559 2295 886 2366 poplitibus
919 2299 1122 2367 coctis,
1176 2300 1430 2371 privabo
1472 2306 1523 2355 te
1556 2301 1764 2369 oculis,

91 2381 139 2434 si
168 2381 377 2436 forsan
411 2397 551 2436 eum
602 2400 914 2455 quoquam
956 2387 1216 2458 amplius
1255 2388 1514 2442 duxeris.
1551 2412 1575 2436 ››
1607 2391 1767 2444 Tunc

1883 1231 2172 1286 mellitluo
2245 1231 2523 1302 palatium
2609 1233 3124 1288 sermocinationis
3205 1234 3549 1291 dulcamine

1883 1320 2256 1376 erudiebant.
2307 1324 2588 1375 Processu
2641 1339 2780 1376 vero
2835 1322 3139 1394 temporis,
3187 1325 3547 1380 Northman-

1883 1425 2098 1464 norum
2125 1415 2181 1464 et
2212 1411 2512 1465 Britonum
2558 1412 2835 1483 precibus
2866 1412 3180 1476 continuis,
3202 1413 3548 1484 jejunisque

1883 1499 2131 1566 singulis
2160 1499 2472 1554 mensibus
2505 1500 2884 1554 devotissime
2916 1501 3246 1556 exercitatis
3274 1500 3547 1573 placatus

1880 1602 2091 1653 regum
2147 1587 2269 1641 Rex
2303 1588 2610 1653 Dominus,
2672 1589 2884 1660 eripuit
2935 1588 3294 1644 Richardum
3344 1589 3545 1644 inesti-

1880 1675 2119 1730 mabilis
2173 1676 2720 1731 incrementationis
2764 1694 3021 1748 puerum
3051 1677 3240 1733 taliter
3286 1678 3360 1732 de
3386 1678 3546 1747 regis

1879 1765 2180 1819 manibus.
2254 1766 2577 1820 Priedictus
2635 1783 2899 1838 namque
2973 1766 3082 1822 tiro
3134 1767 3544 1831 Hosmundus,

1878 1855 2152 1926 provisor
2237 1854 2390 1908 illius
2460 1856 2946 1923 honestissinms,
3013 1856 3223 1911 videns
3297 1853 3549 1911 detineri

1881 1960 2059 1997 suum
2115 1943 2409 1998 seniorem
2468 1943 2710 2010 diutius,
2772 1949 2829 1999 et
2869 1944 3075 2000 vallari
3126 1944 3392 2000 vicissim
3449 1945 3547 2000 die

1879 2035 2178 2101 noctuque
2211 2046 2284 2085 ne
2312 2036 2517 2103 posset
2565 2031 2838 2086 subtrahi
2865 2032 3175 2098 tironibus,
3209 2032 3392 2104 coepit
3422 2048 3544 2087 me-

1877 2119 2052 2174 ditari
2102 2119 2413 2190 quomodo
2464 2121 2716 2191 eriperet
2759 2136 2898 2174 eum
2934 2121 3008 2175 de
3055 2121 3232 2175 tantis
3283 2121 3546 2176 custodi-

1877 2207 2013 2261 bus.
2046 2207 2319 2268 Quadam
2365 2207 2540 2276 igitur
2569 2208 2662 2262 die
2691 2208 2884 2277 coegit
2923 2209 3104 2278 hujus
3135 2208 3216 2262 rei
3249 2208 3439 2277 gratia
3471 2207 3550 2262 si-

1878 2297 2120 2351 mulata
2161 2297 2564 2352 imbecillitate
2623 2298 2972 2352 recumbere
3025 2302 3201 2352 tantae
3263 2296 3550 2352 custodiae

1878 2402 2155 2457 puerum,
2208 2390 2264 2439 et
2304 2385 2477 2456 quasi
2521 2385 2904 2441 dissimulata
2935 2385 3204 2457 corporis
3239 2385 3548 2457 sospitate,

91 2470 226 2525 aliis
275 2471 572 2526 tironibus
619 2473 836 2542 pariter
866 2491 1004 2529 cum
1036 2491 1103 2530 eo
1143 2477 1589 2530 commendavit
1621 2493 1768 2548 pue-
1809 2495 1848 2547 Β
1879 2475 2099 2528 emisso
2133 2474 2505 2544 frequentius
2544 2475 2788 2545 planctu
2839 2474 3158 2543 aggravari
3179 2489 3339 2529 eum.
3369 2474 3552 2544 Cujus

88 2577 252 2629 rum,
309 2565 374 2614 ut
399 2561 768 2616 custodirent
821 2563 1150 2633 diligenter,
1201 2571 1256 2619 et
1286 2582 1358 2620 ne
1385 2572 1583 2637 posset
1629 2565 1772 2634 fuga

91 2648 254 2702 elabi
281 2649 678 2720 praeviderent
722 2667 881 2705 eum.
917 2654 1300 2707 Hosmundus
1345 2660 1543 2708 autem
1576 2654 1771 2708 anim-

91 2737 418 2792 advertens
449 2744 694 2810 captum
722 2756 850 2794 esse
885 2742 1244 2796 Richardum
1295 2749 1470 2797 tantm
1507 2743 1770 2797 dulcedi-

89 2826 186 2881 nis
215 2843 496 2898 puerum,
542 2828 701 2883 misit
747 2831 820 2883 ad
851 2832 1360 2900 Rothomagenses
1396 2833 1497 2903 qui
1531 2832 1768 2887 nuntia-

91 2920 182 2968 ret
253 2914 684 2985 blasphemum
760 2922 932 2972 tantae
999 2919 1366 2990 deceptionis
1439 2920 1766 2988 negotium.

93 3004 619 3071 Rothomagenses
687 3021 827 3060 vero
904 3012 1201 3061 mutatum
1278 3007 1535 3062 malefici
1614 3007 1769 3075 regis

91 3097 404 3164 stupentes
433 3094 834 3164 propositum,
869 3111 905 3150 a
945 3099 1062 3150 Deo
1094 3097 1404 3167 requirunt
1427 3097 1770 3168 suppliciter

94 3181 243 3236 tanti
299 3181 528 3236 consilii
587 3183 896 3239 auxilium.
948 3186 1174 3240 Mittunt
1225 3202 1369 3254 ergo
1414 3187 1489 3241 ad
1523 3203 1768 3240 omnem

93 3271 424 3326 Ecclesiam
471 3273 954 3329 Northmannicze
1015 3276 1441 3348 Britoniczeque
1484 3277 1765 3347 regionis,

91 3365 157 3415 ut
187 3360 412 3414 missas
445 3361 863 3417 concelebrent
909 3363 1119 3418 devote
1165 3381 1274 3436 pro
1300 3381 1370 3419 eo
1412 3365 1765 3436 presbyteri,

93 3449 288 3504 clerus
337 3448 698 3521 psalmodiis
727 3457 912 3512 vacet.
961 3453 1342 3524 populusque
1374 3454 1551 3508 nudis
1599 3453 1767 3524 pedi-

91 3539 232 3603 bus,
267 3554 570 3610 saccoque
601 3538 846 3594 indutus
870 3541 1118 3610 jejunet.
1149 3543 1599 3597 Northmannici
1628 3559 1766 3598 vero

93 3627 499 3699 Britonicique
549 3628 834 3700 praesules
884 3630 1066 3699 hujus
1115 3631 1294 3685 tristis
1338 3631 1650 3699 legationis
1681 3631 1766 3685 fa-

93 3734 263 3772 mam
314 3717 648 3786 audientes,
678 3718 1025 3774 triduanum
1053 3720 1349 3789 jejunium
1378 3720 1436 3774 in
1467 3736 1590 3774 uno
1613 3737 1764 3792 quo-

92 3823 210 3878 que
243 3822 455 3860 mense
496 3807 721 3878 populo
754 3807 1106 3878 indicentes,
1141 3809 1539 3880 deprecantur
1564 3810 1765 3863 Domi-

93 3912 242 3949 num
273 3897 466 3948 Deum
511 3895 658 3948 fusis
698 3896 997 3966 precibus,
1044 3897 1565 3968 eleemosynisque
1609 3896 1766 3951 datis

91 3982 469 4056 pauperibus
520 3983 887 4055 suppliciter,
938 3991 1003 4040 ut
1034 3986 1247 4040 reddat
1285 3985 1370 4039 eis
1405 3985 1766 4039 Bichardum

94 4071 238 4127 tanti
283 4071 564 4126 desiderii
629 4087 904 4143 puerum.
975 4075 1400 4129 Monachorum
1454 4074 1768 4128 canonico-

92 4176 355 4232 rumque
396 4159 589 4215 clerus
621 4177 730 4232 pro
782 4178 852 4216 eo
882 4163 1155 4234 psalmos
1199 4163 1450 4234 supplex
1487 4163 1767 4233 concinit,

92 4249 487 4321 populusque
514 4249 780 4305 lustrans
807 4251 1061 4306 devotus
1104 4251 1404 4320 ecclesias,
1437 4251 1768 4323 deprecati-

93 4357 200 4394 vos
246 4339 508 4408 gemitus
538 4340 766 4395 emittit.
816 4345 1044 4396 Interea
1091 4342 1423 4397 Richardus
1471 4342 1616 4397 tanti
1665 4342 1768 4396 de-

93 4430 247 4483 coris
281 4443 453 4499 puer,
501 4429 751 4498 insignis
796 4431 1117 4502 prosapiae,
1160 4432 1471 4486 honestate
1515 4431 1766 4497 celeber,

93 4517 509 4571 instruebatur
565 4517 850 4572 omnibus
905 4519 962 4572 in
1035 4525 1285 4590 captura
1341 4519 1562 4573 notitiis
1612 4518 1771 4573 sufﬁ-

94 4606 338 4660 cienter.
415 4605 678 4659 Ducebat
747 4606 1004 4661 solidam
1059 4607 1214 4661 illius
1287 4608 1470 4662 aetatis
1537 4613 1768 4679 partem

94 4693 312 4747 robore
364 4692 692 4759 cumulato,
749 4698 994 4764 eratque
1072 4695 1432 4749 commodus
1502 4700 1558 4749 et
1613 4695 1770 4748 utilis

94 4781 385 4836 omnibus
442 4781 620 4852 quasi
673 4787 948 4837 maturus
991 4799 1141 4838 aevo.
1202 4784 1505 4852 Arguebat
1560 4799 1772 4838 secun-

94 4869 240 4924 dum
272 4869 432 4923 vires
449 4869 637 4924 aetatis
663 4869 959 4942 quidquid
983 4875 1109 4926 erat
1136 4871 1774 4942 illicitum.Floccipen-

93 4957 278 5013 debat
333 4956 634 5029 quidquid
684 4963 811 5014 erat
861 4959 1079 5014 animae
1133 4960 1522 5015 incentivum.
1574 4958 1772 5014 Vivaci

92 5046 296 5119 lepore
345 5044 660 5102 afﬂuenter
703 5047 981 5104 armabat
1025 5048 1318 5118 linguam,
1379 5047 1772 5120 facundaeque

95 5133 384 5206 upertatis
442 5133 744 5207 colloquio
813 5135 1140 5205 insignibat
1197 5152 1352 5191 eam.
1407 5135 1774 5204 Peragrabat

95 5223 292 5278 studio
324 5225 381 5276 et
408 5224 768 5280 retractabat
796 5241 933 5297 qua:
958 5224 1296 5294 ignorabat,
1319 5240 1428 5279 nec
1460 5223 1764 5279 abdeban-
1807 5211 1848 5262 θ

95 5317 188 5366 tur
221 5311 274 5368 ei
306 5328 445 5384 quae
493 5317 632 5368 sunt
660 5313 940 5369 obscura.
999 5313 1263 5368 Pueritiae
1305 5330 1426 5368 suae
1467 5312 1771 5368 aatatulam

95 5402 240 5455 Jesu
292 5400 526 5456 Christo
579 5401 1002 5462 consecrabat.
1063 5417 1246 5474 seque
1308 5406 1499 5456 totum
1554 5401 1772 5455 divinis

97 5489 436 5561 prameptis,
486 5494 704 5546 tenerae
752 5491 952 5546 adhuc
995 5491 1132 5546 licet
1179 5491 1370 5546 aetatis
1397 5495 1569 5559 esset,
1603 5505 1777 5545 man-

97 5578 358 5650 cipabat.
396 5578 607 5635 Divina
651 5596 920 5652 namque
951 5581 1346 5651 permissione
1390 5581 1504 5636 hoc
1548 5581 1772 5635 factum

98 5673 204 5738 est,
236 5672 302 5722 ut
349 5683 502 5740 puer
531 5669 951 5741 concupiscuae
1000 5667 1207 5723 formae
1235 5685 1358 5741 prie
1389 5667 1612 5723 caeteris
1642 5666 1770 5722 niti-

99 5757 232 5828 dus,
258 5756 510 5816 nonnisi
549 5757 614 5814 in
641 5757 867 5830 palatio
909 5757 1067 5828 regis
1100 5757 1442 5814 nutriretur.
1476 5757 1768 5814 Multimo-

1881 2561 2044 2616 falsae
2091 2563 2394 2632 opinionis
2443 2579 2683 2616 rumore
2733 2562 2938 2617 civitas
2984 2561 3284 2634 impletur,
3319 2566 3375 2616 et
3417 2562 3549 2616 hinc

1882 2648 2152 2704 simultas
2183 2665 2291 2720 pro
2321 2649 2565 2704 veritate
2611 2651 2774 2704 fama
2826 2649 3137 2704 nuntiante
3172 2647 3545 2720 propalatur.

1881 2737 2168 2793 Custodes
2212 2752 2355 2794 vero
2382 2738 2552 2792 tertia
2579 2738 2673 2792 die
2721 2738 3084 2792 aestimantes
3109 2742 3300 2792 morte
3325 2752 3550 2808 pracc-

1879 2827 2086 2898 cupari
2131 2832 2307 2882 tanta:
2338 2828 2655 2896 diligentiae
2683 2843 2960 2898 puerum,
3010 2827 3127 2881 huc
3158 2826 3418 2898 illucque
3447 2841 3549 2881 ne-

1879 2915 2149 2969 cessitate
2210 2932 2317 2970 sua
2389 2920 2595 2970 euntes
2660 2915 3080 2969 discesserunt.
3159 2913 3547 2969 Hosmundus

1878 3005 2056 3073 igitur
2108 3011 2382 3059 cmnante
2412 3020 2550 3072 rege
2609 3010 2666 3059 et
2695 3005 2943 3070 civibus,
2990 3004 3289 3076 nudisque
3332 3003 3545 3076 plateis

1878 3094 1956 3148 ab
2009 3095 2380 3160 hominibus,
2435 3094 2618 3166 byrro
2667 3100 2722 3150 et
2763 3099 2941 3149 tanta
2988 3092 3353 3149 liberationis
3397 3106 3549 3164 puer

1877 3183 2142 3249 indutus,
2178 3185 2392 3239 citatus
2417 3185 2610 3255 equis,
2643 3183 2932 3239 Lauduno
2962 3183 3142 3238 exivit
3171 3181 3361 3248 citius,
3393 3179 3550 3252 rapi-

1877 3273 2079 3344 doque
2132 3290 2312 3328 cursu
2366 3279 2631 3329 castrum
2691 3273 2924 3345 appulit
2971 3272 3374 3329 Codiciacum.
3428 3268 3548 3324 lllic

1878 3361 2176 3417 efﬂuentis
2207 3363 2518 3434 probitatis
2560 3363 2861 3418 commisit
2898 3361 3237 3417 castellanis
3266 3375 3544 3432 puerum,

1876 3457 1933 3506 et
1956 3452 2260 3523 profectus
2288 3456 2378 3506 est
2416 3452 2475 3506 in
2503 3451 2638 3520 ipsa
2669 3456 2839 3506 nocte
2870 3450 2946 3506 ad
2990 3451 3268 3506 comitem
3300 3449 3547 3503 Bernar-

1874 3541 2020 3594 dum
2047 3540 2176 3608 ejus
2224 3540 2611 3606 avunculum,
2646 3539 2749 3611 qui
2789 3539 3144 3594 morabatur
3172 3536 3407 3592 moeniis
3441 3535 3547 3592 Sil-

1875 3628 2347 3684 vanectensium.

2519 3734 2902 3773 APOSTROPHA.

2034 3806 2481 3860 Northmanniae
2513 3822 2673 3861 nunc
2704 3806 3013 3878 praesules,

2035 3895 2313 3966 Belloque
2344 3895 2404 3949 in
2431 3895 2597 3949 omni
2627 3895 2930 3967 principes

2035 3984 2217 4054 Regni
2245 3984 2637 4056 triumphales
2659 3985 2859 4056 simul,

2035 4076 2100 4128 Et
2131 4073 2322 4128 clerus
2350 4073 2547 4128 omnis
2577 4073 2825 4144 ordinis,

2035 4162 2294 4233 Populus
2321 4161 2498 4216 simul
2526 4161 2834 4233 plorabilis
2865 4183 2877 4219 :

2035 4251 2222 4317 Pueri,
2248 4266 2443 4321 senes,
2477 4257 2534 4306 et
2557 4251 2838 4319 virgines,

2032 4342 2428 4410 Juvenesque,
2461 4345 2711 4407 cunctae,
2746 4339 3002 4408 feminae,

2036 4427 2379 4498 Vulgusque
2411 4427 2472 4481 in
2499 4427 2700 4482 vicum
2728 4429 3022 4497 concitus,

2037 4517 2228 4571 Fletus
2256 4515 2543 4583 lugubres
2583 4516 2791 4570 mittite

2037 4605 2253 4662 Moestis
2285 4603 2482 4658 modis
2512 4610 2569 4658 et
2595 4603 2839 4674 parcite.

2036 4696 2182 4748 Nam
2215 4691 2506 4760 gaudium
2537 4691 2706 4746 vobis
2738 4691 2886 4748 datu

2035 4780 2250 4836 Vinclis
2282 4779 2511 4835 solutus
2542 4780 2740 4849 regiis,

2037 4868 2288 4941 Elapsus
2317 4873 2374 4924 et
2407 4869 2758 4924 custodibus

2039 4957 2373 5012 Richardus
2406 4956 2604 5012 almus
2635 4958 2944 5025 innocens,

2037 5046 2302 5100 Prudens
2330 5061 2438 5117 per
2464 5045 2898 5115 sanctissimus,

2039 5133 2284 5188 Pulchre
2311 5133 2566 5188 decorus
2597 5132 2967 5206 splendibus,

2041 5222 2211 5276 Liber
2240 5221 2432 5276 tenaci
2464 5220 2775 5291 compede,

2040 5309 2219 5364 Vobis
2242 5309 2350 5364 erit
2379 5309 2504 5363 dux
2526 5312 2865 5378 praepotens

2042 5400 2244 5453 Grates
2271 5399 2389 5451 Deo
2420 5411 2580 5450 nunc
2609 5395 2836 5450 reddite

2040 5486 2154 5541 Pro
2183 5485 2432 5540 liberato
2458 5483 2727 5555 pignore.

1953 5573 2289 5632 Bernardus
2307 5577 2507 5627 autem
2522 5571 2582 5626 in
2599 5571 2871 5627 obscurae
2888 5573 3080 5628 noctis
3093 5571 3324 5627 silentio
3335 5571 3547 5628 videns

1884 5662 2324 5727 Hosmundum,
2348 5660 2656 5716 admirans
2683 5660 2832 5716 dixit
2855 5662 2934 5717 ad
2958 5678 3117 5717 eum:
3171 5683 3199 5709 «
3233 5659 3384 5726 Quid
3418 5659 3541 5726 tibi,

1881 5751 2273 5812 Hosmunde?
2303 5749 2452 5806 nihil
2477 5749 2625 5808 boni
2655 5749 2730 5806 de
2778 5767 2916 5808 meo
2945 5746 3162 5823 nepote
3190 5751 3217 5806 ?
3241 5766 3273 5802 ›
3303 5747 3500 5804 Atille
3525 5764 3538 5803 :
