3878 6390
51 302 132 355 70-I
497 302 586 354 DE
629 301 866 355 GESTIS
906 299 1335 356 NORMANNLE
1375 296 1582 351 DUCUl

1427 296 1618 351 UCUM
1658 290 1839 349 LIBRI
1879 295 2074 351 TRES.
2116 327 2184 336 —
2224 297 2356 352 LIB.
2397 295 2488 353 ΠῙ.
2530 299 2949 355 RICHARDUS.

1697 421 1742 472 Α
1783 423 2005 474 norunt
2042 435 2176 491 quae
2207 421 2583 492 spopondisti
2609 437 2815 492 puero,
2869 425 3243 497 Francieeque
3279 426 3439 498 prin-

51 428 148 478 Cur
173 423 423 495 przescire
457 423 553 478 Dei
580 423 829 478 consilio
857 426 960 478 tuo

51 513 210 567 Gcstis
239 517 544 572 conterere.
579 518 633 568 et
662 513 860 567 sistere
894 511 1122 584 perﬁdo
1151 513 1181 569 ?

51 604 188 656 Heu!
222 603 361 656 Heu!
398 601 677 656 occubuit
708 601 961 674 perfidia
990 606 1109 662 tua,

49 693 211 760 Hujus
234 692 350 761 jam
378 691 596 746 sobolis
627 692 993 762 prtemeritus
1021 695 1208 762 pater,

49 785 139 835 Pro
167 781 284 835 visu
315 781 541 835 Domini
572 782 778 854 purior
810 785 871 835 ut
900 780 1068 846 foret,

49 870 221 924 Fultus
250 871 540 941 martyrio,
579 871 736 924 testis
764 874 819 924 et
848 869 1081 924 emicat.

49 963 186 1013 Hanc
215 975 322 1013 non
352 958 768 1013 contaminans
802 958 1158 1030 improbitas
1193 962 1293 1012 tua

49 1048 324 1118 I‘orquebit
347 1047 519 1101 simili
551 1054 604 1101 et
635 1047 931 1102 dilanians
964 1047 1164 1112 modo,

50 1137 129 1190 ilic
159 1152 279 1190 vere
311 1137 521 1190 sederit
550 1135 672 1190 dux
700 1135 1072 1204 luculentior,

50 1223 296 1286 v’rudevs,
327 1224 630 1295 pacificus,
663 1223 1021 1294 promeritus
1053 1239 1272 1287 comes,

47 1317 286 1376 Sanctus,
318 1313 646 1382 religiosus,
676 1313 872 1367 bonus
905 1317 958 1367 et
984 1313 1118 1384 pius

47 1406 298 1457 Summus
323 1402 622 1473 patricius,
657 1402 923 1456 marcbio
961 1400 1266 1473 providus,

48 1491 298 1544 Jefensor
321 1492 540 1561 patriae,
577 1495 635 1545 at
665 1490 902 1559 indigus
930 1490 1082 1560 opis,

47 1580 250 1635 Solator
280 1579 520 1640 miseris.
555 1580 698 1650 quin
729 1579 920 1632 viduae
952 1584 1005 1632 et
1037 1577 1312 1650 orphani.

55 1669 253 1722 Iunctis
281 1685 453 1724 omne
487 1670 737 1732 bonum,
767 1669 1054 1739 lucraque
1084 1682 1392 1739 prospera.

47 1759 267 1812 illectus
288 1759 575 1829 populum
605 1758 886 1827 regimine
917 1772 1206 1825 congruo,

53 1846 315 1900 Iondueet
341 1847 679 1910 moderans,
714 1846 964 1916 legeque
998 1847 1323 1915 corrigens.

46 1935 226 2006 Iampi
253 1935 455 1990 siderei
488 1935 565 1990 ad
596 1951 822 2007 pascua
853 1934 1078 1989 crpliea.

94 2027 210 2078 Rex
263 2039 394 2077 vero
453 2023 780 2078 Ludovicus
840 2039 1028 2093 pravo
1088 2026 1294 2077 astutze
1339 2020 1671 2075 dolositatis

46 2113 257 2177 ngenio
286 2129 446 2175 usus,
483 2113 642 2166 misit
681 2113 937 2176 ingentis
993 2110 1333 2166 reverentize
1388 2109 1671 2182 praesules

46 2204 98 2256 id
129 2204 426 2264 IIugonem
455 2202 732 2265 velocius,
771 2207 834 2255 ut
863 2218 932 2256 ea
967 2201 1081 2255 ﬁde
1114 2217 1233 2271 qua
1279 2203 1672 2254 eoncatenan-

48 2309 112 2345 ur
144 2292 332 2344 senior
360 2294 413 2343 et
447 2290 613 2344 miles
647 2290 844 2343 venire
879 2289 1175 2343 festinaret
1227 2287 1301 2342 ad
1336 2305 1395 2342 se
1436 2303 1675 2360 promp-

45 2381 155 2433 ius.
181 2380 335 2442 I-Iugo
357 2377 532 2444 igitur
563 2395 819 2439 magnus
847 2377 1220 2432 creberrimis
1253 2377 1671 2448 episcoporum

45 2465 392 2521 vetitionibus
424 2467 765 2538 suppliciter
791 2472 1031 2521 coactus
1065 2467 1364 2536 profectus
1405 2469 1490 2518 est
1531 2478 1672 2517 con-

44 2572 106 2610 ra
135 2570 330 2623 regem
361 2553 438 2609 ad
470 2554 671 2609 villam
723 2555 782 2608 in
826 2555 957 2610 vico
1005 2555 1176 2624 juxta
1210 2551 1670 2624 Compendium,

43 2662 151 2716 [uae
179 2643 387 2698 dicitur
416 2645 588 2709 Crux,
623 2643 887 2715 dixitque
923 2645 1000 2700 ad
1039 2658 1241 2706 regem
1278 2660 1288 2695 :
1325 2659 1353 2694 ‹
1385 2640 1564 2709 Cujus
1594 2638 1672 2693 rei

43 2731 254 2803 negotio
277 2734 388 2787 huc
417 2749 510 2788 me
540 2734 866 2788 accelerare
899 2733 1014 2787 ﬁde
1047 2738 1100 2787 et
1123 2730 1329 2799 legatis
1359 2727 1672 2798 praecipuis

49 2819 348 2893 ompulisti
380 2823 407 2877 ’ἲ
442 2845 466 2870 ››
518 2825 632 2876 Rex
662 2827 860 2877 autem
893 2841 904 2877 :
969 2845 994 2870 ‹‹
1057 2825 1121 2876 Ut
1160 2818 1377 2874 reddas
1409 2817 1552 2872 mihi
1585 2817 1673 2871 Ri-

50 2911 330 2972 hardum,
373 2927 554 2983 quem
588 2911 815 2966 furatus
847 2917 935 2966 est
968 2909 1376 2972 Hosmundus,
1435 2913 1490 2962 et
1539 2923 1671 2978 per-

43 3001 188 3055 iuxit
212 2999 285 3052 ad
308 2999 584 3054 comitem
613 3000 1002 3054 Bernardum.
1037 3025 1059 3046 ››
1091 2997 1409 3068 Respondit
1429 2999 1672 3063 Magnus

43 3095 188 3157 Iugo
223 3107 232 3142 :
270 3111 295 3136 ‹‹
328 3089 439 3142 Nisi
471 3094 666 3144 castra
697 3090 919 3161 quibus
955 3094 1166 3162 praeest
1209 3085 1542 3141 Bernardus
1593 3084 1672 3138 illi

46 3181 64 3235 i
121 3177 440 3244 abstulero,
498 3195 732 3250 nequeo
792 3180 989 3234 favere
1044 3177 1337 3233 ullatenus
1398 3173 1674 3246 precibus

41 3270 128 3323 uis
190 3272 244 3320 et
291 3271 447 3321 voto.
496 3291 521 3315 »
563 3269 722 3322 Tunc
783 3285 883 3322 rex
938 3287 949 3323 :
1013 3291 1038 3316 ‹‹
1098 3269 1163 3323 Ut
1220 3283 1364 3320 mere
1426 3262 1674 3317 necessi-

42 3358 116 3411 γιῐὶ
180 3371 297 3408 non
354 3353 627 3425 injurius,
691 3356 795 3410 sed
841 3355 1066 3411 solatur
1119 3355 1340 3409 existas
1373 3397 1386 3421 ,
1463 3367 1674 3405 conce-

42 3461 156 3499 am
197 3443 295 3497 tibi
330 3443 817 3499 Ebroicacensem
862 3449 914 3498 et
945 3445 1404 3514 Bajocacensem
1436 3439 1680 3494 comita-

49 3551 166 3600 im,
213 3533 356 3603 quin
396 3534 574 3588 etiam
636 3550 670 3588 a
732 3536 1010 3605 Sequana
1064 3533 1140 3587 ad
1191 3548 1354 3586 mare
1388 3546 1576 3602 usque
1617 3532 1679 3582 ut

48 3621 344 3676 ossideas.
409 3625 557 3689 Ergo
616 3639 752 3676 vero
809 3639 943 3694 quae
997 3621 1139 3676 citra
1171 3623 1510 3690 Sequanam
1543 3622 1680 3671 sunt

42 3711 230 3767 anebo
266 3754 278 3778 ,
364 3716 420 3765 et
469 3728 602 3782 qua:
667 3727 813 3765 meae
874 3710 1189 3765 voluntatis
1250 3711 1386 3763 sunt
1459 3723 1529 3760 ex
1588 3706 1676 3760 his

41 3800 286 3873 xplebo.
350 3801 545 3855 Simus
605 3799 931 3855 concordes
993 3799 1052 3854 in
1101 3797 1265 3854 omni
1319 3796 1556 3866 negotio
1623 3801 1679 3851 et

45 3889 352 3954 nanimes,
406 3895 468 3945 ut
521 3891 689 3945 (:Iecet
737 3906 938 3959 regem
993 3893 1048 3943 et
1105 3889 1320 3943 ducem
1363 3892 1675 3960 perpetua-

42 3988 156 4036 ter.
195 3980 318 4044 Ego
363 3980 445 4034 cis
497 3984 840 4052 Sequanam
896 3996 1171 4051 pergens,
1235 3978 1676 4044 Rothomagum

41 4066 327 4135 bsidebo,
364 4072 422 4122 tu
456 4086 596 4123 vero
624 4068 861 4123 mititari
901 4085 1087 4122 manu
1146 4067 1391 4136 Bajocas
1447 4063 1677 4119 vallans

41 4162 379 4231 (pugnate.
426 4159 515 4213 Sic
542 4163 868 4213 atteramus
924 4157 1362 4212 Northmannos
1415 4155 1677 4209 advenas

41 4267 49 4304 ;
90 4245 398 4315 superbos
453 4252 789 4318 nostrzeque
839 4246 1046 4301 ditioni
1097 4244 1486 4315 subjiciamus
1525 4243 1674 4298 illos.

42 4337 220 4394 aliter
279 4340 481 4389 autem
537 4335 844 4391 mitescent
897 4341 952 4390 et
1010 4334 1516 4405 subjugabuntur,
1577 4336 1680 4386 aut

41 4421 388 4482 {terminati
443 4425 683 4481 Daciam
734 4425 951 4481 celeres
1003 4424 1397 4498 repedabunt.
1432 4447 1458 4470 »
1511 4424 1676 4488 Hugo

41 4530 146 4572 aro
181 4509 308 4566 dux
342 4528 618 4582 magnus,
670 4513 826 4580 ﬁdei,
887 4530 1073 4585 quam
1134 4514 1349 4567 fecerat
1381 4509 1678 4565 Bernardo

42 4620 109 4659 ro
146 4601 431 4656 Richardi
456 4601 766 4673 juvamine
797 4601 1053 4669 oblitus;
1101 4601 1246 4673 quin
1278 4600 1455 4655 etiam
1496 4599 1677 4654 bene-

42 4693 152 4750 3iis
185 4705 258 4745 ac
293 4688 630 4746 civitatibus
671 4691 1010 4754 exorbatus,
1071 4689 1296 4763 pepigit
1351 4705 1490 4744 eum
1543 4702 1679 4756 rege

42 4781 190 4852 .1jus
224 4780 640 4835 conventionis
671 4780 884 4834 foedus.
922 4782 1069 4844 Quo,
1132 4784 1194 4834 ut
1241 4779 1368 4832 hzec
1398 4777 1678 4846 facerent,

42 4868 413 4928 aterminato
461 4872 747 4941 tempore,
804 4869 1134 4935 regreditur
1205 4867 1282 4924 ad
1351 4882 1460 4922 sua
1517 4865 1679 4938 quis-

42 4976 140 5017 λθ.
177 4957 522 5012 Bernardus
556 4958 732 5027 igitur
777 4974 977 5012 comes
1030 4957 1211 5028 hujus
1271 4954 1680 5011 conventionis

42 5062 237 5104 iarus
296 5045 442 5101 adiit
482 5048 792 5116 Hugonem
837 5045 1053 5101 ducem
1109 5045 1356 5101 celerius
1409 5044 1680 5099 veniens-

42 5154 115 5194 ie
147 5139 295 5189 ante
329 5142 716 5207 conspectum
747 5137 896 5205 ejus,
957 5135 1102 5189 dixit
1161 5132 1337 5189 corde
1393 5131 1681 5204 vultuque

50 5226 332 5281 rbatus:
381 5243 409 5273 α
459 5224 588 5280 Dux
646 5241 863 5293 magne
920 5228 975 5279 et
1025 5221 1335 5286 ﬁdissime,
1395 5219 1682 5293 praecellis

41 5325 197 5385 :que
233 5326 402 5365 nunc
433 5313 714 5367 omnibus
746 5313 985 5373 meritis,
1041 5315 1097 5366 et
1145 5310 1282 5364 fidei
1328 5313 1549 5376 tenore,
1579 5310 1682 5364 sed

42 5403 228 5459 irum
287 5398 436 5454 mihi
483 5417 588 5455 cur
641 5401 942 5456 innocenti
1010 5416 1198 5473 puero
1257 5401 1540 5454 mentitus
1598 5415 1680 5468 es,

41 5489 164 5549 ις)ίί
203 5487 518 5542 ultroneus
547 5490 892 5545 Christianae
935 5489 1364 5560 conjurationis
1397 5488 1512 5544 ﬁde
1544 5505 1682 5562 pro-

42 5575 239 5635 isisti.
278 5578 589 5645 Oporteret
633 5581 685 5631 te
717 5592 902 5648 quam
953 5579 1280 5651 promisisti
1339 5594 1574 5634 servare
1614 5577 1682 5632 ﬁ-

42 5682 134 5725 ηιι]
174 5663 459 5728 illzesam,
518 5667 572 5720 et
624 5665 928 5722 nullorum
992 5669 1292 5724 donorum
1344 5685 1589 5723 munere
1631 5674 1687 5724 et

41 5756 308 5818 :neﬁcio
341 5756 634 5812 exsecrari
677 5772 832 5815 eam.
865 5757 1257 5818 Northmanrﬁ
1305 5764 1362 5817 et
1414 5759 1677 5817 Britones

3333 304 3438 358 702

1781 509 1944 580 cipes
1975 508 2348 564 laetiﬁcarunt
2379 527 2438 564 se
2468 527 2647 582 super
2675 512 2788 566 hoc
2817 515 3081 570 consilio.
3126 517 3279 581 Quid
3323 523 3439 572 tur-

1779 599 1915 670 pius
1946 599 2059 653 hac
2091 598 2386 654 infamia?
2433 600 2651 671 talique
2710 600 3083 672 blasphemia
3134 605 3280 676 quid
3329 606 3437 660 ob-

1779 687 1995 742 noxius
2019 687 2046 742 ‘I
2077 691 2271 742 Tantae
2305 688 2566 760 perﬁdiae
2610 705 2835 759 rumor,
2868 691 3134 763 tantique
3183 693 3438 750 maleﬁci

1779 776 1948 831 ducis
1980 777 2243 849 nequitia
2272 779 2688 851 promulgatur
2715 795 2822 851 per
2852 784 2973 835 tota
3021 796 3204 852 penes
3265 784 3438 837 Fran-

1779 865 1884 920 cize
1937 865 2242 922 civitatum
2273 867 2514 933 moenia,
2561 884 2771 922 omnes
2820 875 3130 924 susurrant
3160 869 3233 925 de
3273 875 3437 928 tanto

1779 952 1930 1008 duce
1961 957 2018 1008 et
2040 954 2351 1021 advocato,
2385 971 2506 1026 quo
2539 955 2722 1011 modo
2752 956 3038 1029 deceptus
3071 964 3158 1014 est
3189 964 3243 1014 et
3268 975 3437 1014 men-

1780 1042 1919 1097 titus
1950 1044 2298 1098 muneribus
2331 1050 2385 1099 et
2416 1045 2725 1101 beneﬁcio.
2773 1070 2798 1095 ››
2858 1049 3074 1103 Contra
3130 1048 3298 1104 istius
3352 1050 3438 1104 in-

1779 1131 2067 1186 vectionis
2100 1133 2412 1188 molimina
2462 1137 2626 1201 Hugo
2674 1152 2933 1205 magnus
2982 1138 3309 1209 respondit,
3361 1145 3437 1194 ab

1780 1219 1903 1274 imo
1955 1221 2150 1275 cordis
2203 1223 2475 1277 emittens
2525 1224 2827 1295 suspiria:
2863 1248 2889 1274 ‹‹
2932 1227 3094 1280 Veris
3151 1227 3437 1300 purisque

1782 1309 2160 1365 sermonibus
2190 1326 2321 1381 qua»
2348 1316 2660 1366 exsecutus
2692 1329 2754 1365 es
2787 1313 3050 1379 retulisti,
3107 1316 3250 1386 quia
3295 1316 3439 1370 obli-

1781 1401 1874 1452 tus
1903 1400 2279 1463 sacramenti,
2313 1416 2436 1471 quo
2465 1417 2560 1455 me
2602 1401 2979 1456 defensorem
3012 1408 3066 1457 et
3101 1403 3439 1473 adjutorem

1781 1486 1949 1558 pueri
1981 1487 2284 1542 ultroneus
2312 1489 2579 1560 promisi,
2627 1494 2842 1545 terram
2876 1506 2910 1545 a
2941 1494 3217 1562 Sequana
3249 1507 3438 1563 usque

1783 1576 1861 1630 ad
1893 1592 2056 1631 mare
2088 1578 2463 1633 limreditario
2489 1579 2621 1649 jure
2651 1579 2727 1635 ab
2767 1595 2836 1634 eo
2865 1581 3313 1651 possidendam.
3337 1581 3440 1637 do-

1785 1679 1863 1718 no
1894 1665 2047 1732 regis
2074 1667 2288 1738 recepi,
2321 1667 2492 1739 eique
2523 1669 2915 1737 integerrimze
2969 1669 3107 1724 ﬁdei
3157 1669 3439 1726 stabilita-

1715 1771 1754 1823 Β
1786 1758 1902 1807 tem
1936 1754 2064 1818 feci,
2095 1771 2308 1826 meque
2339 1756 2673 1825 adjutorem
2704 1756 2860 1811 illius
2893 1775 2961 1812 ex
2994 1774 3063 1813 ea
3094 1763 3266 1828 terra,
3303 1775 3437 1831 qua

1784 1843 1929 1897 citra
1970 1846 2312 1915 Sequanam
2344 1850 2449 1913 est,
2482 1847 2797 1919 perjurans
2845 1848 3176 1919 repromisi,
3229 1848 3275 1902 si
3305 1865 3439 1904 eam

1784 1947 1970 2003 quam
2002 1933 2145 1987 mihi
2167 1934 2328 1989 dedit
2372 1951 2688 2007 nunquam
2733 1937 3167 1992 contradixerit.
3222 1940 3437 1993 Verum

1783 2020 1926 2090 quia
1981 2021 2270 2075 mirabilis
2329 2021 2569 2092 ingenii,
2623 2024 2996 2096 ingentisque
3047 2023 3353 2080 industriae
3385 2029 3441 2081 et

1784 2109 2120 2164 calliditatis
2151 2127 2352 2165 comes
2386 2128 2472 2180 es,
2504 2117 2558 2167 et
2591 2119 2817 2168 astutus
2849 2115 2907 2169 in
2939 2115 3220 2170 omnibus
3256 2131 3437 2181 nego-

1787 2197 1898 2260 tiis,
1933 2213 2143 2268 precor
2169 2204 2230 2254 ut
2259 2216 2433 2254 eruas
2455 2217 2549 2255 me
2577 2201 2778 2272 aliquo
2810 2203 3174 2274 sophismate
3232 2218 3268 2257 a
3315 2202 3440 2256 bla-

1786 2286 2058 2357 sphemia
2089 2287 2269 2358 hujus
2302 2290 2580 2344 rumoris.
2612 2293 2868 2346 Decurso
2899 2293 3116 2347 adhinc
3150 2291 3244 2347 die
3273 2291 3440 2346 sede-

1787 2372 1924 2439 cies,
1957 2373 2374 2432 festinabimus
2405 2379 2566 2433 adire
2588 2380 3080 2435 Northmanniam
3109 2397 3220 2449 ego
3237 2384 3292 2435 et
3316 2395 3438 2434 rex.

1787 2465 1914 2532 Ipse
1946 2468 2141 2518 autem
2176 2467 2715 2536 Rothomagensem
2743 2470 2976 2538 urbem,
3007 2486 3118 2538 ego
3165 2485 3306 2524 vero
3338 2468 3444 2524 ob-

1786 2551 1994 2606 sidebo
2051 2558 2112 2607 ut
2160 2554 2427 2623 juratum
2485 2562 2570 2611 est
2621 2559 3024 2626 Bajocensem.
3094 2556 3442 2626 Aﬂligemus

1783 2639 1963 2708 igitur
1988 2644 2424 2699 Northmannos
2456 2645 2646 2700 taliter
2673 2652 2727 2700 et
2778 2647 3057 2714 Britones,
3109 2650 3162 2699 et
3210 2644 3441 2714 redige-

1786 2743 1921 2783 mus
1955 2735 2016 2785 ut
2059 2733 2318 2788 serviant
2375 2734 2650 2789 humiles.
2708 2735 2984 2806 Quisquis
3039 2750 3178 2788 vero
3232 2739 3442 2790 contra

1785 2833 1897 2872 nos
1929 2825 2250 2876 contumax
2278 2821 2450 2878 fuerit
2503 2828 2559 2878 et
2595 2823 2848 2888 rebellis,
2905 2823 3394 2878 exterminabitur
3423 2843 3437 2890 ;

1785 2908 2058 2979 quisquis
2109 2925 2247 2965 vero
2279 2927 2460 2966 armis
2494 2913 2957 2985 praesumpserit,
3015 2911 3334 2966 occidetur.
3384 2911 3442 2968 Si

1784 2998 1930 3068 quid
1961 2998 2290 3069 prudentiae
2331 3005 2386 3055 et
2415 3001 2631 3065 ingenii
2679 3002 2885 3064 habes,
2915 3017 3125 3072 precor
3170 3004 3225 3056 te
3273 3005 3337 3055 ut
3363 2999 3440 3055 ab

1707 3126 1746 3180 Ο
1787 3088 1966 3157 hujus
1992 3090 2234 3160 perjurii
2265 3107 2421 3145 noxa
2453 3091 2691 3147 solvens
2719 3109 2813 3146 me
2837 3091 3070 3146 liberes.
3115 3110 3144 3142 ›
3185 3093 3441 3146 Cernens

1787 3181 1984 3230 autem
2020 3179 2352 3233 Bernartius
2386 3179 2551 3250 quod
2600 3181 2927 3252 aperuisset
2972 3181 3142 3249 Hugo
3184 3194 3442 3249 magnus

1785 3279 1888 3318 cor
1919 3282 2117 3334 suum,
2143 3267 2288 3322 dixit
2313 3268 2390 3327 ad
2417 3285 2554 3324 eum
2587 3288 2597 3324 :
2633 3292 2659 3319 ‹‹
2697 3269 2918 3325 Idcirco
2961 3269 3125 3342 quod
3157 3275 3217 3324 tu
3248 3267 3444 3323 senior

1787 3351 2275 3419 benignissimus,
2311 3356 2402 3410 vel
2428 3358 2569 3428 quia
2601 3357 2692 3412 ille
2720 3375 2908 3429 nepos
2941 3375 3110 3412 meus
3136 3356 3441 3412 dilectissi-

1786 3454 1944 3507 mus,
1979 3440 2189 3495 melius
2215 3457 2399 3513 quam
2424 3449 2630 3514 potero
2661 3447 3146 3515 argumentabor,
3201 3446 3245 3500 si
3295 3444 3442 3500 forte

1783 3531 2050 3582 vestrum
2079 3529 2367 3598 cogitasse
2400 3532 2639 3587 turbare
2669 3535 2936 3605 quivero.
2972 3557 2998 3582 ››
3055 3535 3209 3588 Illico
3239 3549 3440 3588 comes

1788 3615 2122 3672 Bernardus
2155 3619 2400 3674 consilia
2426 3621 2581 3688 regis
2610 3627 2666 3675 et
2721 3621 2966 3676 senioris
3014 3621 3123 3686 sui,
3176 3621 3444 3675 denomi-

1785 3709 2059 3778 natteque
2091 3707 2526 3777 congressionis
2574 3726 2754 3781 super
2798 3711 3235 3765 Northmannos
3292 3713 3440 3764 tem-

1784 3810 1898 3868 pus
1928 3801 2224 3867 expertus,
2257 3797 2700 3870 recordateque
2725 3799 3045 3854 voluntatis
3076 3799 3162 3854 sui
3197 3797 3444 3854 senioris

1785 3883 2200 3940 benevolentia
2230 3885 2435 3957 ltetior,
2462 3887 2803 3944 Silvanectis
2827 3904 3152 3956 regressus,
3183 3887 3342 3944 misit
3365 3888 3441 3944 ad

1791 3975 2156 4030 Hernardum
2189 3975 2728 4046 Rothomagensem
2778 3983 2833 4034 et
2882 3979 3238 4048 Dacigenam
3282 3978 3443 4034 velo-

1787 4063 1933 4132 cius,
1988 4066 2045 4118 et
2090 4081 2226 4136 quae
2279 4065 2508 4120 audivit
2563 4065 2639 4121 ab
2695 4069 2938 4137 Hugone
2995 4067 3146 4122 duce
3197 4083 3442 4136 magno,

1787 4151 1966 4207 etiam
1995 4152 2364 4209 voluntatem
2395 4155 2524 4226 ejus
2575 4157 2884 4211 mandavit
2938 4156 3232 4211 secretius.
3291 4157 3443 4220 Quin

1787 4241 1966 4297 etiam
1996 4257 2070 4297 ne
2100 4242 2225 4311 regi
2255 4243 2551 4298 obnoxius
2597 4245 2888 4300 civitatem
2934 4244 3293 4309 defenderet,
3350 4259 3446 4297 ve-

1787 4341 1923 4382 rum
1956 4327 2138 4383 choro
2168 4329 2594 4384 canonicorum
2628 4329 3184 4400 monachorumque
3215 4343 3446 4399 praepa-

1788 4419 1939 4483 rato,
1973 4432 2110 4470 eum
2143 4417 2314 4489 quasi
2348 4417 2476 4485 ejus
2508 4416 2786 4472 adventui
2826 4417 3248 4484 congratularis
3299 4414 3447 4470 hila-

1791 4505 1928 4560 riter
1956 4505 2258 4576 reciperet,
2290 4509 2433 4559 etut
2465 4505 2694 4573 Hugoni
2738 4520 2963 4572 magno
3011 4504 3148 4558 duci
3204 4508 3444 4572 terram,

1789 4609 1976 4666 quam
2003 4593 2079 4648 illi
2113 4592 2292 4658 dedit,
2325 4607 2525 4659 regem
2554 4592 2955 4647 contradicere
2983 4591 3304 4646 multarum
3357 4607 3447 4646 ar-

1792 4682 2309 4752 gumentationum
2342 4680 2858 4752 prosecutionibus
2907 4684 3159 4744 cogeret.
3208 4681 3450 4734 Bernar-

1789 4772 1904 4826 dus
1957 4786 2095 4826 vero
2127 4770 2621 4839 Rothomagensis
2673 4770 2860 4825 laetior
2915 4771 3207 4839 legatione
3266 4768 3448 4838 hujus

1790 4861 2037 4926 consilii,
2098 4877 2232 4932 qua:
2295 4860 2489 4927 legato
2545 4859 2870 4914 disserente
2917 4864 3140 4915 secreta
3199 4858 3446 4924 audivit,

1793 4950 2216 5006 Northmannis
2250 4948 2618 5022 principibus
2650 4947 2848 5003 ascitis
2875 4948 3188 5004 intimavit.
3239 4948 3448 5002 North-

1791 5039 1998 5095 manni
2050 5044 2251 5094 autem
2305 5053 2428 5093 non
2470 5052 2839 5110 quemquam
2891 5039 3126 5094 illorum
3176 5036 3450 5108 decipere

1794 5128 2044 5184 scientes
2093 5144 2364 5200 unquam
2415 5127 2802 5194 Bernardum,
2861 5129 3007 5201 quin
3058 5128 3236 5184 etiam
3285 5127 3452 5199 quod

1795 5217 2054 5287 Hugonis
2087 5217 2292 5286 magni
2323 5216 2491 5272 ducis
2523 5217 2695 5272 sciret
2725 5225 3040 5284 secretum,
3075 5219 3203 5289 ejus
3235 5217 3453 5272 collau-

1791 5307 2085 5363 daverunt
2112 5306 2330 5379 pariter
2360 5305 2695 5362 consilium.
2725 5307 2954 5364 Statuto
2999 5325 3138 5365 vero
3189 5312 3454 5379 tempore

1793 5397 2104 5468 conjurato
2133 5397 2570 5470 progressionis
2597 5414 2609 5462 ;
2644 5397 2831 5453 ascita
2876 5401 3240 5469 I‘rancigena
3265 5395 3456 5453 unde-

1794 5501 2031 5559 cunque
2062 5486 2254 5558 potuit
2298 5501 2483 5541 manu
2515 5484 2772 5552 militari,
2801 5492 2966 5547 venit
2993 5505 3095 5548 rex
3133 5488 3192 5543 in
3232 5501 3458 5560 pagum

1795 5575 1898 5648 qui
1955 5573 2169 5630 dicitur
2222 5574 2426 5642 Calcis,
2477 5576 2774 5651 coepitque
2827 5575 3114 5640 infestare
3159 5582 3363 5645 gentes
3409 5578 3466 5630 et

1795 5666 2020 5740 przedia
2053 5666 2365 5723 incendiis.
2402 5670 2568 5734 Hugo
2602 5676 2798 5725 autem
2835 5669 2964 5732 dux
2989 5666 3466 5742 magnushnjus-

1797 5757 2030 5819 cemodi
2061 5760 2466 5834 conjuratione
2497 5759 2749 5833 illectus,
2777 5769 3088 5838 profectus
3133 5762 3220 5815 est
3249 5758 3331 5816 ab
3362 5759 3468 5811 Ba-
