3878 6434
448 312 554 367 703

1419 312 1724 368 DUDONIS
1750 311 2019 370 .DECANI
2062 308 2118 365 S.
2160 306 2467 373 QUINTINI
2504 309 2884 368 VIROMAND.
3661 327 3714 379 704

446 433 826 504 jocacensem
856 433 1205 489 comitatum
1238 450 1374 488 cum
1405 449 1627 502 magno
1657 434 1935 489 exercitu.
1974 435 2103 487 Ber-
2139 434 2185 485 Α
2214 430 2488 502 tradicat,
2518 437 2575 489 et
2599 449 2723 489 non
2751 432 3059 506 possidere
3088 434 3216 507 plus
3243 451 3414 509 quam
3433 438 3591 496 tribus
3610 449 3714 500 nocti-

450 521 676 576 nardus
705 520 883 589 igitur
912 521 1406 590 Rothomagensis
1444 537 1566 576 non
1604 522 1923 577 immemor
1967 523 2099 576 Ber-

451 610 624 665 nardi
656 608 1106 665 Silvanectensis
1136 609 1366 664 comitis
1396 609 1643 676 consilii,
1698 610 1856 665 misit
1904 608 1981 664 ad
2020 624 2105 663 re-

453 714 590 768 gem
616 697 983 753 Ludovicum
1006 698 1067 752 in
1101 698 1241 753 dolo
1267 698 1461 754 verbis
1492 698 1775 771 paciﬁcis,
1804 702 2104 771 quatenus

453 790 797 857 properaret
820 785 898 841 ad
928 786 1225 841 civitatem
1252 787 1796 856 Rothomagensem
1818 804 1956 842 cum
1985 785 2106 857 epi-

456 874 653 946 scopis
683 874 1171 946 principibusque
1200 876 1345 941 suis,
1366 880 1423 931 et
1451 892 1525 931 ne
1556 876 1816 949 amplius
1839 876 2106 931 devasta-

453 968 542 1018 ret
565 979 699 1035 quae
731 979 840 1018 sua
865 950 1037 1018 erant
1066 964 1361 1020 ferocitate
1393 969 1568 1021 tantae
1595 966 1942 1035 gentis.Rex
1964 979 2106 1019 vero

455 1052 636 1122 hujus
654 1051 967 1119 legationis
999 1053 1281 1108 mandato
1309 1053 1501 1123 laetus,
1547 1054 1971 1126 regiminisque
2015 1052 2107 1107 sui

457 1144 514 1196 et
537 1140 778 1195 honoris
808 1141 1139 1212 profectum
1167 1142 1589 1211 congratulans
1639 1143 1962 1213 adaugere,
2013 1156 2107 1195 su-

460 1230 637 1285 bacta
668 1229 812 1284 urbe
843 1234 898 1284 et
924 1230 1311 1301 principibus,
1367 1232 1526 1286 venit
1565 1233 2107 1299 Rothomagensem

458 1317 753 1373 civitatem
780 1334 917 1372 cum
947 1318 1324 1387 Francigenis
1351 1320 1758 1392 optimatibus,
1784 1318 2108 1391 prohibens

457 1407 715 1478 reliquos
735 1407 1023 1461 exercitus
1062 1423 1134 1462 ne
1160 1408 1666 1481 depopularentur
1715 1414 1943 1477 terram.
1986 1423 2108 1462 suae

457 1495 693 1551 ditionis
723 1496 999 1567 amplius.
1037 1497 1368 1552 Bernardus
1399 1514 1541 1553 vero
1585 1498 1898 1569 caeterique
1945 1497 2108 1569 prin-

457 1583 635 1655 cipes,
665 1589 843 1656 atque
873 1585 1063 1640 clerus
1090 1586 1267 1641 totius
1298 1587 1484 1654 urbis,
1536 1591 1921 1643 occurrerunt
1966 1601 2107 1641 con-

458 1675 546 1726 tra
575 1678 806 1742 portam
835 1673 1305 1740 Belvacensium,
1338 1680 1394 1731 et
1425 1679 1776 1747 receperunt
1822 1674 2109 1729 animosaa

457 1759 788 1816 calliditatis
816 1761 1055 1831 ingenio
1084 1778 1242 1819 eum.
1290 1764 1569 1820 Crastina:
1614 1780 1755 1819 vero
1808 1763 1923 1818 diei
1962 1762 2112 1817 dilu-
2142 1782 2181 1835 Β

458 1847 590 1903 culo
620 1849 781 1904 venit
814 1851 1143 1905 Rernardus
1170 1856 1306 1907 ante
1339 1858 1725 1925 conspectum
1752 1852 1906 1920 regis
1926 1850 2112 1906 Ludo-

456 1936 588 1999 vici,
622 1941 677 1991 et
705 1938 882 2009 cmpit
908 1939 970 1993 in
1000 1939 1139 1994 dolo
1170 1940 1530 2012 compellare
1561 1957 1700 1996 eum
1753 1939 1952 1994 verbis
2004 1940 2112 1994 hu-

459 2024 723 2080 millimis
757 2044 769 2080 :
806 2049 833 2075 ‹‹
866 2028 1112 2082 Domine
1141 2040 1241 2083 rex
1290 2029 1695 2095 invictissime,
1746 2028 1823 2083 ab
1848 2027 1993 2082 olim
2022 2044 2115 2080 us-

459 2128 576 2182 que
606 2128 766 2168 nunc
798 2116 1024 2181 integer
1051 2116 1397 2187 stabilisque
1429 2117 1694 2171 exstitisti
1723 2116 1862 2185 fide,
1912 2119 1969 2169 et
1994 2114 2113 2169 col-

460 2198 778 2254 laudabilis
804 2200 865 2253 in
890 2202 1055 2255 omni
1076 2206 1178 2256 tuo
1209 2218 1407 2273 opere.
1444 2207 1559 2258 Nos
1592 2204 1806 2258 ducem
1841 2208 1897 2257 et
1935 2202 2116 2257 advo-

462 2290 660 2341 catum
688 2288 938 2359 perﬁdia
963 2290 1187 2344 Arnulﬁ
1216 2291 1546 2357 amisimus,
1582 2292 1684 2347 sed
1711 2292 1902 2360 gratia
1932 2291 2027 2345 Dei
2061 2295 2114 2345 te

460 2390 663 2443 regem
694 2374 1054 2432 advocatum
1085 2379 1259 2433 nobis
1293 2380 1792 2451 recuperavimus.
1846 2383 1970 2435 Non
2011 2395 2112 2433 cu-

458 2479 665 2517 ramus
691 2463 765 2518 de
794 2464 977 2535 prole,
1002 2482 1187 2537 quam
1214 2467 1317 2521 tibi
1350 2468 1730 2522 Hosmundus
1770 2468 1996 2522 furatus
2025 2470 2116 2522 est

462 2554 519 2605 et
549 2550 831 2606 abstulit:
861 2568 969 2607 nec
999 2570 1268 2626 unquam
1308 2556 1438 2625 ejus
1482 2555 1714 2611 servitio
1760 2554 2113 2611 incumben-

460 2643 546 2694 tes
577 2639 967 2696 militabimus
1014 2642 1087 2706 ei,
1136 2644 1279 2714 quia
1331 2644 1590 2699 melioris
1622 2644 1851 2699 consilii
1882 2648 1973 2698 est
1999 2658 2111 2697 nos

460 2743 589 2783 esse
619 2728 848 2797 regales
879 2734 935 2784 et
962 2730 1277 2801 palatinos,
1308 2748 1495 2803 quam
1526 2732 1656 2787 talis
1680 2732 1912 2787 comitis
1946 2731 2114 2786 satel-

458 2817 586 2872 lites
616 2834 743 2872 esse
769 2823 826 2873 et
854 2834 1075 2874 servos.
1108 2822 1345 2887 Verum,
1373 2821 1548 2876 nobis
1580 2821 1799 2876 mirum
1829 2820 1976 2893 quid
2005 2836 2113 2875 au-

459 2904 739 2975 divimus,
771 2911 827 2961 et
849 2907 1003 2963 ultra
1031 2908 1330 2973 credibile,
1373 2926 1675 2982 supraque
1726 2910 1867 2965 satis
1920 2909 2113 2964 admi-

460 2995 570 3048 rati
601 3010 1107 3066 sumus,quorum
1128 2997 1318 3053 relatu
1344 2997 1665 3053 didicimus
1690 2998 1858 3069 quod
1884 2996 2116 3067 Hugoni

461 3080 596 3135 duci
631 3097 870 3153 semper
899 3087 1105 3138 contra
1153 3088 1207 3139 te
1256 3085 1472 3140 rixanti
1525 3086 1939 3141 contumacius
1979 3101 2115 3140 con-

462 3168 685 3224 cessisti
715 3170 1043 3241 spatiosam
1070 3176 1286 3227 terram
1336 3189 1373 3228 a
1435 3175 1711 3245 Sequana
1768 3174 1951 3229 maris
1997 3173 2114 3229 fine

461 3260 652 3323 tenus,
684 3261 741 3312 et
769 3256 967 3312 adhuc
996 3266 1300 3331 expugnat
1324 3262 1783 3332 Bajocacensem
1824 3262 2111 3335 tellurem,

461 3349 520 3399 et
546 3350 929 3417 praeoccupat
959 3363 1097 3401 cum
1129 3364 1353 3417 magno
1380 3350 1657 3405 exercitu.
1712 3350 1880 3405 Parvi
1923 3350 2112 3422 pretii,

460 3448 566 3487 rex
591 3432 953 3501 dulcissime,
987 3451 1311 3508 parvaeque
1354 3437 1719 3493 militationis
1769 3443 1947 3510 atque
1998 3454 2115 3494 ser-

460 3520 599 3588 vitii,
632 3522 796 3594 quod
828 3522 930 3578 tibi
954 3526 1286 3582 reservasti.
1320 3526 1532 3596 Viginti
1560 3527 1823 3582 millibus
1852 3531 2114 3583 armato-

459 3625 595 3665 rum
621 3616 1041 3681 augmentatus
1071 3630 1133 3668 es
1162 3614 1474 3670 inimicum
1522 3620 1712 3671 tuum.
1769 3616 1911 3682 Quis
1971 3619 2117 3673 Con-

460 3699 927 3755 stantinensibus
957 3705 1014 3756 et
1038 3702 1539 3772 Bajocacensibus
1566 3704 1716 3760 vidit
1756 3704 2024 3760 fortiores
2052 3705 2115 3760 in

458 3785 635 3851 bello,
667 3787 1079 3858 prudentiores
1107 3789 1169 3845 in
1197 3790 1449 3846 consilio
1470 3792 1498 3846 ?
1534 3791 1592 3848 Si
1630 3791 1948 3848 militarem
1991 3808 2121 3848 ma-

459 3888 628 3940 num,
681 3877 748 3928 ut
794 3874 1134 3943 Willelmus,
1187 3878 1498 3945 tenuisses,
1556 3879 1831 3935 omnium
1890 3881 2115 3954 quippe

463 3960 729 4030 gentium
752 3961 969 4017 horum
1000 3964 1245 4020 consilio
1270 3970 1328 4020 et
1356 3966 1539 4021 armis
1567 3966 1867 4023 dominari
1897 3968 2118 4039 quivis-

465 4064 577 4103 ses.
610 4051 815 4104 Nonne
846 4049 1166 4107 Willelmus
1213 4054 1394 4124 hujus
1451 4054 1743 4110 exercitus
1801 4055 2115 4112 medietate

462 4134 666 4203 fretus,
725 4137 1043 4193 comitante
1098 4142 1342 4211 Hugone
1390 4144 1447 4197 et
1501 4141 1782 4198 Herberto
1844 4160 2115 4201 seorsum

465 4225 749 4281 conduxit
774 4242 837 4282 se
875 4226 955 4282 ad
1008 4243 1210 4297 regem
1266 4230 1582 4285 Henricum
1630 4234 1924 4288 securus?
1976 4234 2116 4300 Quis

463 4312 723 4369 tuebitur
772 4319 828 4370 et
880 4315 1237 4386 defensabit,
1292 4318 1557 4390 proderit
1599 4324 1656 4375 et
1699 4321 1932 4392 praeerit
1976 4322 2117 4378 huic

462 4416 650 4473 quam
678 4401 967 4458 retinuisti
996 4404 1260 4461 civitati?
1299 4406 1745 4476 Bajocacenses,
1781 4410 2114 4466 Constanti-

2211 519 2347 588 bus,
2379 525 2435 575 et
2453 521 2612 577 dicat
2639 537 2763 578 non
2791 527 2991 578 tenere
3018 539 3077 579 se
3114 538 3182 579 ea
3209 524 3465 597 amplius,
3490 529 3604 601 quia
3626 534 3709 587 mala

2213 623 2276 662 es
2310 608 2556 664 consilio
2586 626 2756 666 usus.
2802 632 2830 661 ››
2868 613 2990 666 Rex
3020 626 3153 667 vero
3180 611 3325 667 illico
3351 613 3495 670 misit
3517 616 3580 671 ad
3608 621 3713 688 [iugo

2213 711 2372 763 nem,
2428 696 2532 769 qui
2586 697 2809 755 diceret
2850 699 3033 770 hujus
3064 699 3143 754 rei
3192 715 3515 759 sermonem.
3550 706 3712 778 Cumque

2212 784 2442 855 legatus
2474 802 2675 842 coram
2708 790 2956 857 Hugone
2986 788 3135 844 duce
3159 793 3381 856 astaret,
3429 790 3715 865 hujusquem

2213 872 2395 949 verba
2419 872 2500 927 illi
2529 873 2847 945 intimaret,
2876 874 3200 947 obstupuit,
3245 874 3303 930 in
3342 892 3551 949 unoque
3594 879 3714 934 obtutu

2214 947 2445 1015 deﬁxus
2496 961 2689 1033 inquit
2721 979 2733 1016 :
2793 984 2821 1011 «
2855 961 3152 1018 Calliditas
3206 962 3446 1019 duorum
3471 947 3715 1039 principum

2216 1051 2408 1121 coegit
2447 1068 2648 1122 regem
2701 1052 2994 1109 mandare
3042 1052 3155 1109 tale
3182 1054 3538 1126 propositum.
3565 1079 3586 1105 »
3616 1059 3715 1127 Huju

2215 1139 2392 1209 igitur
2421 1140 2904 1197 contradictionis
2933 1141 3118 1197 verbo
3139 1142 3381 1198 Parisius
3408 1144 3550 1213 Hugo
3572 1144 3716 1199 dum»

2215 1228 2508 1297 grediens,
2567 1228 2723 1284 misit
2780 1229 2859 1285 ad
2909 1245 3113 1299 regem
3180 1230 3510 1286 Ludovicum
3552 1231 3717 1287 dicens:

2217 1318 2393 1372 «Cur
2439 1318 2604 1389 quod
2660 1318 2806 1374 mihi
2864 1322 3229 1391 spontaneus
3297 1318 3506 1388 dedisti,
3552 1318 3717 1373 ablatum

2216 1404 2350 1459 est?
2382 1427 2409 1454 »
2452 1406 2774 1479 Respondit
2802 1423 2905 1462 rex
2938 1424 2951 1461 :
2985 1429 3011 1457 κ
3044 1406 3231 1463 Tellus
3270 1406 3639 1463 Northmannie
3658 1422 3718 1461 non

2216 1493 2328 1547 nisi
2358 1493 2534 1551 unius
2564 1495 2811 1550 senioris
2834 1510 3108 1567 unquam
3156 1494 3400 1551 tuebitur
3439 1494 3715 1551 advocatione.

2218 1584 2331 1636 Nec
2380 1582 2555 1638 debet
2603 1600 2731 1639 esse
2775 1584 3058 1654 divisum,
3116 1584 3278 1657 quod
3305 1584 3457 1639 decet
3495 1599 3594 1639 esse
3623 1583 3718 1637 conu-

2218 1686 2427 1726 nuum.
2469 1671 2635 1727 Rollo
2691 1672 2852 1727 enim
2908 1672 3102 1728 Daciae
3151 1672 3364 1727 ﬁnibus
3409 1670 3714 1727 exterminatus.

2221 1758 2376 1813 hanc
2404 1758 2514 1813 sibi
2539 1759 2765 1829 integre
2791 1759 3141 1827 vindicavit,
3197 1764 3254 1815 et
3294 1775 3409 1814 non
3446 1754 3715 1831 dispertitaal

2222 1846 2342 1900 ullo
2365 1852 2571 1918 postea
2600 1848 2836 1903 exstitit.
2869 1871 2896 1897 ››
2929 1850 3085 1903 Gens
3116 1848 3397 1918 Dacigena
3440 1846 3589 1902 nescit
3618 1844 3716 1899 tamu

2220 1933 2329 1988 lari
2358 1934 2469 1988 nisi
2499 1935 2601 1989 uni
2628 1935 2735 1990 soli
2766 1935 3015 1991 seniore.
3058 1938 3308 2005 Legatus
3335 1938 3512 1990 autem
3534 1943 3717 2004 quaret?

2223 2026 2503 2077 narrante
2534 2022 2779 2089 audivit,
2832 2022 3068 2091 Hugoni
3113 2022 3251 2078 duci
3304 2021 3570 2090 diligenter
3598 2013 3716 2071 retulit.

2224 2112 2447 2163 Interea
2497 2109 2834 2164 Bernardus
2894 2108 3347 2166 Silvanectensis
3389 2111 3558 2163 autem
3576 2100 3719 2157 audiené

2222 2196 2598 2269 inopinatum
2624 2198 3103 2270 citissimumque
3123 2212 3445 2267 regressum
3471 2186 3720 2279 Hugoniéd?

2223 2284 2305 2338 cis
2336 2284 2425 2339 sui
2452 2285 2720 2355 senioris,
2752 2286 2913 2340 venit
2940 2284 3027 2340 ad
3056 2300 3199 2341 eum
3235 2282 3412 2340 citatis
3451 2278 3600 2353 equis.
3631 2274 3721 2331 Dixit-

2222 2388 2339 2443 que
2372 2390 2384 2426 :
2420 2395 2446 2421 «
2483 2376 2609 2428 Dux
2640 2373 3081 2446 perseverantis
3126 2372 3375 2440 ﬁduciae,
3425 2366 3646 2442 quoniam
3677 2374 3722 2451 ηιςν

2222 2460 2390 2515 xialis
2420 2461 2779 2517 sacramenti
2808 2461 3045 2516 solutus
3077 2478 3141 2519 es
3182 2459 3472 2534 compede,
3514 2461 3721 2512 ωεωοτδλδ

2225 2551 2604 2616 sacramenti,
2632 2566 2754 2622 quo
2784 2554 2839 2605 te
2869 2548 3153 2606 Richardi
3180 2548 3347 2623 pueri
3374 2547 3639 2627 adiutorem
3658 2549 3721 2627 ερςπ

2222 2638 2501 2709 pondisti.
2545 2661 2572 2688 »
2615 2642 2682 2693 Et
2710 2641 2878 2707 Hugo
2911 2655 2924 2693 :
2959 2660 2989 2688 ‹‹
3026 2637 3297 2711 Nequibo
3321 2635 3398 2691 illi
3421 2626 3720 2694 auxilial'i,qme

2223 2726 2419 2781 omnis
2454 2727 2918 2782 Northmannica
2943 2742 3097 2797 gens
3125 2726 3365 2783 subdita
3390 2727 3468 2779 est
3489 2718 3636 2789 regi.»
3655 2716 3722 2767 (ἰοί)

2222 2819 2313 2870 tra
2370 2816 2702 2872 Bernardus
2735 2833 2749 2871 :
2793 2838 2821 2866 ‹‹
2866 2816 3219 2873 Prmetolare
3274 2812 3524 2871 attentius
3564 2804 3719 2862 eventui:

2225 2903 2327 2975 rei,
2361 2909 2417 2960 et
2445 2905 2592 2977 quid
2621 2904 2801 2961 futuri
2829 2904 3074 2977 parient
3102 2905 3232 2961 dies
3399 2922 3426 2952 »

2862 3062 3237 3104 APOSTROPKA
3246 3089 3259 3103 .

2174 3164 2187 3184 ⁴
2296 3156 2339 3210 Ο
2365 3170 2486 3223 rex,
2517 3170 2622 3210 cur
2646 3170 2880 3210 memor
2907 3155 3081 3211 haud
3108 3155 3196 3211 tui

2295 3242 2587 3314 lstiusque
2616 3243 2820 3315 patris,
2854 3243 2961 3316 qui
2992 3243 3104 3300 tibi
3134 3241 3375 3317 profuit,

2296 3330 2476 3400 Cujus
2502 3329 2780 3403 praesidio
2806 3331 3101 3387 continuo
3127 3316 3318 3401 regna
3340 3333 3489 3385 tenes
3508 3316 3642 3378 modo

2294 3419 2365 3474 Et
2390 3419 2494 3490 qui
2522 3418 2714 3475 multa
2738 3424 3029 3492 operatus
3056 3424 3150 3477 est

2295 3509 2403 3562 Pro
2424 3510 2502 3576 te,
2533 3511 2591 3563 et
2613 3508 2718 3580 qui
2745 3507 3034 3565 occubuit
3064 3508 3268 3565 hostia
3291 3503 3515 3562 victima

2294 3596 2466 3665 Regis
2496 3596 2728 3667 siderei,
2750 3613 3013 3670 queque
3039 3596 3279 3654 latent‘
3311 3593 3421 3651 sui.

2297 3687 2364 3740 Et
2390 3684 2557 3757 quod
2579 3685 2709 3755 jam
2739 3686 2974 3755 genitor
3007 3703 3183 3754 suus,

2293 3771 2524 3827 Pollens
2551 3771 2813 3829 veridica
2840 3779 3094 3847 perpete
3122 3772 3371 3838 famine,
3526 3854 3531 3855 γ
3606 3848 3628 3855 __
3704 3848 3731 3855 ὦ

2292 3861 2486 3917 Armis
2511 3877 2899 3934 exsuperans,
2931 3868 2992 3920 et
3019 3863 3197 3937 quod
3222 3877 3373 3919 avus
3395 3848 3633 3915 continuit
3648 3848 3730 3896 sacri

2295 3953 2460 4005 Nunc
2489 3950 2906 4021 praejudicium
2935 3951 3093 4008 facis

2295 4041 2379 4093 Ex
2396 4037 2511 4093 hoc
2537 4037 2798 4095 innocuo
2819 4039 3025 4096 adhuc
3054 4040 3263 4114 probo
3292 4050 3474 4113 puero

2295 4125 2609 4196 Richardo,
2641 4126 2857 4182 celebri
2885 4128 3191 4202 prosapia
3223 4124 3492 4185 nobiliter
3516 4119 3629 4173 snio.

2296 4216 2484 4286 Hujus
2509 4215 2715 4286 ﬂagitii
2737 4215 2835 4272 lue

2295 4304 2479 4359 Casus
2503 4303 2802 4359 innumeri
2820 4305 3233 4378 praepedient,
3262 4303 3343 4361 ob
3371 4303 3495 4387 hoc,

2295 4390 2447 4447 Olim
2468 4396 2523 4447 te
2552 4391 2807 4464 capient,
2839 4396 2897 4448 te
2928 4394 3251 4465 periment
3278 4392 3398 4448 ﬁne
3422 4386 3525 4444 sub
3551 4379 3701 4436 ultimo.

460 4471 797 4562 nensesque
825 4491 982 4546 hanc
1004 4493 1421 4550 custodiebant
1450 4496 1660 4551 urbem
1691 4497 1972 4552 Francico
2000 4502 2116 4553 Λιι-
2148 4471 2192 4525 D
2295 4496 2535 4553 Interim
2571 4512 2678 4553 rex
2722 4498 3065 4554 Ludovicus
3106 4497 3430 4555 morulans
3471 4480 3738 4548 Rothomaf-‘ii

463 4577 735 4651 glicoque
756 4578 815 4635 in
845 4584 1024 4652 portu
1053 4582 1432 4639 eminentem.
1483 4586 1765 4642 Omnium
1812 4588 2115 4642 bonorum

460 4665 616 4721 illius
641 4671 809 4724 terrae
840 4667 1147 4727 afﬂuentia
1174 4672 1382 4728 aderat
1407 4674 1605 4741 nobis,
1640 4680 1697 4730 et
1745 4691 1988 4730 eramus
2035 4676 2119 4731 lo-

463 4755 723 4827 cupletes
753 4758 971 4829 opibus
1016 4759 1174 4814 illius
1214 4761 1458 4817 telluris.
1494 4763 1705 4834 Recipe
1744 4779 1887 4833 ergo
1912 4764 2116 4820 civita-

462 4847 605 4910 tem,
637 4845 781 4916 quia
808 4862 930 4901 non
958 4847 1255 4903 habemus
1286 4853 1564 4919 sumptus
1594 4849 1816 4919 quibus
1842 4851 1905 4906 in
1933 4868 2005 4908 ea
2029 4853 2115 4908 vi-

462 4947 600 4987 vere
629 4933 965 5005 possimus;
994 4936 1194 5005 daque
1218 4934 1456 5003 Hugoni
1486 4950 1623 4989 eam
1652 4952 1773 5007 quo
1810 4945 1991 5010 queat
2028 4958 2118 4997 re-

463 5018 684 5076 bellare
715 5025 923 5076 contra
953 5026 1007 5076 te
1029 5020 1315 5075 securius.
1374 5023 1489 5075 Nos
1521 5022 1762 5078 Daciam
1792 5042 1928 5083 cum
1952 5030 2118 5085 omni

465 5124 680 5178 genere
708 5113 913 5164 nostro
942 5111 1202 5180 praepete
1221 5108 1621 5177 navigationis
1647 5128 1824 5169 cursu
1867 5118 2116 5190 repeda-

464 5196 686 5263 bimus,
716 5202 773 5251 et
795 5198 952 5251 hanc
983 5195 1211 5264 majore
1261 5195 1502 5254 collecta
1560 5200 1932 5261 multitudine
1970 5207 2119 5263 mili-

466 5285 598 5350 tari,
627 5287 693 5339 ut
717 5283 882 5338 Rollo
924 5282 1261 5355 quondam,
1312 5285 1781 5359 devastabimus,
1840 5309 1949 5349 nec
1992 5300 2113 5364 tua,

464 5387 578 5428 nec
609 5370 872 5440 Hugonis
900 5371 1009 5426 erit
1046 5372 1355 5442 posterius.
1385 5397 1414 5424 »
1448 5378 1565 5432 Rex
1595 5394 1736 5434 vero
1774 5380 2116 5455 deceptrici-

464 5460 583 5516 bus
624 5457 1012 5529 querimoniis
1057 5458 1391 5530 instigatus,
1445 5471 1720 5537 precatus
1763 5473 1851 5524 est
1880 5472 2119 5529 Bernar-

466 5547 616 5603 dum
675 5549 739 5600 ut
792 5545 961 5601 daret
1008 5546 1119 5602 sibi
1169 5549 1485 5608 concilium
1546 5569 1727 5626 super
1777 5555 1869 5610 bis
1914 5557 2112 5614 rebus.

466 5639 627 5692 Tunc
675 5635 1052 5691 Bernardus:
1101 5659 1129 5686 «
1170 5638 1318 5694 Mitte
1366 5639 1631 5711 legatum
1678 5642 1757 5698 ad
1808 5647 2116 5714 Hugonem

465 5724 683 5782 ducem
707 5738 1019 5795 magnum,
1050 5725 1153 5798 qui
1198 5728 1617 5798 Bajocacensia
1660 5746 1803 5788 rura
1855 5732 1939 5790 illi
1979 5751 2119 5793 con-

2223 4586 2302 4641 sis
2331 4585 2496 4641 urbis
2520 4586 2843 4656 manibus,
2897 4586 3380 4661 disponensque
3424 4574 3737 4671 Νοιίῑῒξωθξίωξ

2223 4689 2359 4728 rum
2388 4689 2590 4728 rerum
2620 4673 2861 4745 negotia
2895 4679 2959 4731 ut
2987 4659 3320 4745 dominus,
3378 4659 3738 4759 fraudlllema

2224 4779 2303 4817 sae
2359 4762 2657 4835 opinionis
2708 4764 3069 4837 intentione,
3130 4771 3365 4839 putans
3421 4777 3480 4817 se

2224 4852 2772 4908 Northmannorum
2802 4857 2859 4908 et
2885 4835 3303 4918 advoca—tum,
3358 4848 3528 4908 labile
3563 4835 3737 4933 ἀςᾷυίέξξ

2223 4939 2338 4994 illic
2368 4939 2487 4995 otio
2517 4945 2771 5014 tempus.
2794 4941 3087 5006 Quadam
3112 4958 3396 5016 namque
3415 4939 3507 4995 die

2227 5027 2521 5083 Francicaa
2545 5029 2759 5099 gentis,
2788 5028 3209 5088 sufﬁcientem
3240 5028 3515 5086 omnium
3537 5024 3737 5113 “fumi:

2225 5115 2471 5171 lentiam
2502 5116 2812 5186 Dacigente
2845 5120 3177 5190 Bernardi,
3230 5119 3387 5192 quin
3441 5113 3599 5171 etiam

2226 5203 2617 5277 praepulchraa
2646 5205 2865 5277 speciei
2894 5210 2963 5261 ut
2995 5208 3381 5264 concederet
3409 5202 3534 5269 sibi.
3561 5198 3737 5285 1‘98"?

2226 5268 2405 5361 gavit.
2466 5268 2989 5367 Crateri-namque
3046 5296 3293 5352 tirones
3369 5268 3541 5362 hujus

2226 5382 2453 5437 famam
2504 5382 2784 5438 secretius
2841 5381 3178 5440 audientes
3236 5381 3529 5440 venerunt
3574 5368 3634 5426 ad
3669 5368 3738 5418 τέῗλ

2224 5470 2487 5526 dicentes
2529 5488 2542 5525 :
2585 5492 2613 5520 ‹‹
2656 5471 2905 5527 Domine
2949 5488 3071 5529 rex
3097 5518 3113 5545 ,
3177 5473 3293 5530 tibi
3350 5462 3669 5549 incessantei

2220 5576 2328 5633 per
2373 5560 2687 5631 servimus,
2737 5565 2795 5615 et
2850 5543 3104 5617 nullius
3124 5563 3219 5618 rei
3251 5552 3606 5618 suﬁcientia,
3630 5543 3738 5642 mil“:

2221 5655 2523 5723 potusque
2549 5647 2829 5703 ditamur.
2876 5648 3006 5703 Hos
3033 5650 3329 5709 advenas
3360 5636 3735 5723 NorthmaﬂW:

2222 5712 2375 5816 pelle
2422 5712 2650 5794 abhina
2698 5741 2757 5794 et
2809 5739 3192 5810 extermina,
3242 5746 3574 5815 precamur,
3608 5726 3648 5779 et
3662 5712 3735 5770 13";
