3878 6386
45 256 126 306 705

489 253 580 306 DE
619 251 863 306 GESTIS
902 252 1333 310 NORMANNUE
1380 252 1619 308 DUCUM
1658 251 1841 309 LIBRI
1877 256 2068 311 TRES.
2099 260 2319 315 —LlB.
2367 264 2450 316 Ill.
2495 263 2922 321 RICHARDUS.

3328 266 3430 323 706

46 375 183 430 10bis
209 374 429 429 illorum
478 376 769 431 beneficia
824 378 1125 432 concessis
1179 377 1484 431 uxoribus.
1542 380 1654 431 Nos
1688 378 1736 431 Α
1774 378 2223 437 abscondetur?
2257 405 2283 431 »
2319 386 2653 440 Bernardus
2683 392 2882 443 autem
2925 390 3095 445 tacite
3126 406 3260 462 quze
3291 406 3432 459 age-

45 480 163 518 rero
191 464 328 517 hanc
362 464 571 518 urbem
602 481 878 529 regemus
927 466 1165 519 servitio
1197 471 1310 521 tuae
1338 465 1659 543 iidelitatis,

46 570 125 609 )CC
177 554 241 608 de
289 554 601 623 cujuslibet
656 561 1000 610 nostrorum
1050 557 1395 611 infidelitate
1451 561 1661 610 nutare

46 644 281 716 juiveris.
316 644 635 699 Consilium
666 646 844 715 hujus
876 646 957 700 rei
1014 646 1342 700 nefandum
1398 646 1661 701 enuclea-

46 750 114 786 .ur
140 733 413 788 Bernardo
441 738 497 787 et
540 734 846 801 Dacigenis
877 754 888 800 ;
924 741 1342 790 verumtamen
1396 735 1660 789 vicissim

46 821 276 889 :onsulti,
334 821 761 877 commiserunt
807 823 951 877 illud
1009 823 1411 879 taciturnitati.
1450 828 1661 889 «Rege

45 926 159 963 {ero
182 910 464 964 Ludovico
498 910 853 965 Laudunum
883 927 1178 980 regresso,
1208 912 1659 984 novercalisque

46 999 135 1052 )dii
158 998 267 1053 zelo
297 1000 778 1054 aNorthmannis
833 1000 1085 1055 nimium
1136 1006 1409 1072 pcrtzeso,
1472 1001 1659 1073 turpis

47 1088 261 1143 ironum
325 1089 619 1160 petitionis
670 1090 993 1145 ambitione
1050 1090 1383 1145 admodum
1448 1091 1657 1158 tristes,

46 1176 440 1231 ueditabantur
468 1177 769 1233 interitum
823 1179 980 1247 regis
1028 1179 1403 1233 retractando
1453 1178 1662 1233 unani-

46 1282 159 1318 nes.
194 1267 253 1319 Ut
280 1270 473 1319 autem
500 1282 702 1335 regem
732 1266 1005 1338 decipere
1032 1266 1232 1339 aliquo
1272 1267 1528 1321 subdolo
1560 1284 1658 1321 co-

46 1354 247 1407 lamine
313 1353 662 1425 quivissent,
713 1356 1260 1410 Northmannorum
1338 1356 1657 1427 optimates

46 1442 294 1497 niscrunt
323 1442 397 1497 ad
450 1443 838 1511 Haigroldum
872 1460 1073 1512 regem
1124 1444 1312 1499 Daciae
1356 1444 1660 1499 nobilioris

46 1538 75 1585 2t
108 1532 316 1586 ditioris
344 1532 619 1603 potentia:
654 1533 886 1595 milites,
924 1539 985 1587 ut
1035 1533 1325 1590 Richardo
1385 1533 1663 1588 Willelmi

46 1621 216 1689 uagni
244 1621 405 1675 ducis
439 1621 559 1676 ﬁlio
619 1622 1066 1687 consanguineo
1123 1640 1463 1678 succurrere
1503 1624 1659 1678 festi-

45 1715 181 1765 naret
213 1710 384 1781 ;quia
415 1727 515 1764 rex
573 1711 825 1764 Francia:
868 1710 1056 1777 gentis
1092 1712 1269 1765 totius
1312 1713 1661 1767 Northman-
1694 1728 1731 1780 Β

45 1800 127 1853 ιὶτθ
159 1798 558 1853 monarchiam
589 1798 934 1853 vindicabat
964 1798 1094 1866 sibi,
1127 1798 1400 1854 auferens
1418 1817 1661 1856 omnem

45 1902 297 1942 nonorem
344 1902 532 1958 puero
591 1886 886 1940 Richardo
931 1891 1098 1940 eruto
1151 1887 1282 1956 ejus
1324 1888 1657 1943 avunculis.

46 1974 358 2046 Iaigroldus
387 1991 527 2030 vero
560 1992 660 2030 rex
692 1975 883 2029 Daciae
916 1976 1345 2041 magnanimus
1370 1978 1449 2031 ob
1498 1994 1662 2032 amo-

46 2084 137 2121 em
172 2063 433 2119 Richardi
459 2064 547 2119 sui
578 2064 920 2136 propinqui,
953 2064 1179 2129 legatos
1226 2066 1660 2121 Northmanno-

48 2172 144 2209 um
178 2154 490 2208 honorifice
522 2154 781 2224 suscepit
812 2172 823 2219 ;
857 2155 1326 2226 constructisque
1381 2155 1660 2223 navibus,

46 2246 221 2315 isque
246 2243 476 2297 cibariis
503 2248 559 2298 et
580 2242 867 2298 militibus
900 2244 1159 2315 repletis,
1190 2244 1267 2299 ad
1306 2244 1499 2299 littora
1533 2243 1663 2298 sali-

46 2352 101 2387 ιεθ
135 2330 433 2399 Corbonis,
466 2347 588 2402 qua
640 2332 783 2386 Diva
816 2332 1029 2404 rapido
1078 2338 1279 2388 meatu
1332 2333 1663 2404 procelloso

45 2422 165 2477 nari
197 2436 255 2475 se
280 2420 557 2491 infundit,
585 2437 723 2475 cum
750 2420 1080 2476 incredibili
1109 2422 1369 2477 tironum
1400 2422 1662 2477 multitu-

46 2513 171 2582 iine,
218 2510 379 2565 citius
408 2527 595 2582 quam
645 2510 833 2582 quivit
863 2514 1041 2567 venit.
1093 2511 1507 2567 Constantincs
1564 2527 1665 2565 au-

46 2619 131 2657 em
182 2604 237 2653 et
283 2588 707 2669 Bajocaceﬁses
765 2598 1072 2653 audientes
1129 2600 1453 2655 adventum
1511 2598 1665 2667 regis

45 2687 309 2758 laigroldi
361 2692 601 2759 propter
656 2703 924 2742 amorem
953 2688 1228 2742 Richardi
1262 2688 1451 2759 pueri,
1492 2703 1665 2741 vene-

46 2784 149 2835 unt
172 2776 382 2831 servire
404 2776 503 2830 illi.
540 2779 718 2830 Fama
746 2774 899 2829 illico
958 2792 1065 2847 per
1112 2776 1368 2830 Francizr.
1423 2776 1665 2830 climata

45 2867 269 2924 eleriter
306 2866 654 2938 penetravit,
679 2864 1038 2919 denuntians
1064 2864 1494 2919 inaestimabilis
1520 2865 1668 2919 mul-

55 2956 275 3014 tudinis
304 2971 573 3027 paganos
604 2955 814 3010 adesse
845 2954 1138 3009 littoribus
1166 2955 1662 3009 Northmannicis.

45 3046 344 3103 :ernardus
374 3045 567 3113 igitur,
597 3044 908 3116 caeterique
936 3046 1467 3112 Rothomagenses,
1518 3044 1666 3099 ﬁde-
1698 3076 1738 3131 Ο

54 3142 235 3193 tatem
265 3134 416 3201 regis
448 3133 726 3187 Ludovici
752 3133 946 3187 verbis
981 3132 1346 3199 simulantes,
1379 3133 1669 3188 miserunt

48 3229 83 3281 d
120 3240 260 3280 eum
292 3223 350 3277 in
379 3222 539 3291 dolo,
570 3222 833 3277 dicentes
868 3239 879 3275 ε
924 3241 953 3273 ‹
989 3222 1284 3287 Quoniam
1331 3221 1670 3277 innumera-

53 3316 146 3370 ilis
182 3311 555 3383 copiosaeque
588 3310 983 3365 multitudinis
1006 3311 1227 3382 pagani
1257 3310 1555 3382 primaeva:
1581 3311 1672 3381 ju-

47 3401 266 3459 entutis
298 3401 439 3453 tlore
474 3398 663 3467 nitidi,
715 3400 930 3453 nostris
960 3399 1183 3453 ﬁnibus
1234 3405 1372 3455 sunt
1400 3399 1667 3467 advecti;

49 3506 331 3549 recamur
356 3492 652 3560 quatenus
686 3488 868 3542 ascita
919 3504 1103 3542 manu
1164 3489 1421 3556 militari,
1464 3490 1674 3544 subve-

50 3586 140 3638 ias
196 3577 457 3632 velocius
508 3576 702 3645 nobis,
787 3576 833 3629 si
883 3578 1361 3633 Northmannicze
1417 3579 1672 3646 regionis

50 3668 352 3739 rincipatu
384 3666 645 3734 gaudere
678 3664 889 3719 mavis.
925 3684 948 3710 ι
1005 3668 1123 3719 Rex
1182 3671 1378 3721 autem
1437 3667 1669 3736 legato:

50 3775 191 3817 ςιωᾶ
220 3756 528 3810 nuntiante
561 3754 762 3809 audivi
820 3769 1028 3807 verum
1064 3769 1193 3807 esse
1222 3754 1384 3825 quod
1443 3755 1609 3810 dicis.
1647 3778 1673 3805 ››

52 3848 390 3917 uapropter
422 3860 525 3897 rex
550 3841 883 3897 Ludovicus
908 3842 1087 3911 hujus
1116 3842 1405 3913 pestiferae
1432 3842 1674 3913 legatio-

52 3940 91 3992 ‘s
125 3934 325 3990 relatu
351 3932 712 3993 admonitus,
752 3931 1045 3986 concitato
1077 3931 1450 4001 Francigenie
1484 3932 1674 4002 gentis

51 4024 293 4091 LBI‘Citll,
327 4021 488 4077 venit
518 4021 595 4076 ad
623 4022 1063 4090 Rothomagum
1092 4022 1456 4091 repentinus,
1489 4022 1676 4077 addu-

51 4134 144 4172 ens
201 4128 409 4166 secum
464 4110 812 4185 Herluinum
860 4110 1137 4164 comitem
1190 4115 1247 4165 et
1293 4111 1674 4166 Lantbertum

51 4210 251 4263 atrem
280 4200 429 4271 ejus.
464 4202 581 4255 Rex
609 4204 810 4254 autem
835 4198 1191 4268 Haigroldus
1220 4200 1375 4268 regis
1421 4200 1673 4255 Franciae

54 4293 263 4350 idiens
300 4286 1033 4358 adventum,fraudulento
1056 4287 1304 4342 consilio
1326 4289 1676 4343 Northman-

54 4395 231 4438 irurn
264 4377 579 4431 mandavit
622 4375 821 4430 venire
854 4376 1019 4430 illum
1047 4381 1255 4430 contra
1283 4392 1343 4430 se
1393 4376 1471 4431 ad
1496 4376 1674 4448 placi-

54 4490 147 4529 ω.
188 4471 349 4537 Rege
383 4471 584 4521 autem
616 4465 914 4520 Ludovico
970 4464 1289 4520 conﬁdenti
1316 4466 1375 4519 in
1414 4465 1674 4521 multitu-

54 4578 137 4618 ne
170 4554 547 4612 exercituum
579 4558 636 4608 et
664 4553 746 4608 ire
778 4553 1119 4625 disponenti
1172 4570 1293 4608 suae
1336 4553 1673 4609 damnatio-

55 4670 81 4706 s
124 4646 210 4704 ad
246 4643 562 4717 placitum,
594 4642 740 4697 dixit
777 4642 1115 4697 Bernardus
1182 4641 1675 4711 Rothomagensis

101 4734 364 4794 ﬁdelem
420 4731 709 4787 simulans
766 4733 1174 4787 Francorum:
1210 4754 1235 4778 ‹‹
1269 4734 1420 4786 Gens
1469 4736 1675 4786 contra

55 4843 189 4885 iam
242 4820 642 4895 proﬁcisceris
692 4820 769 4875 ad
800 4820 1266 4889 conciliandum,
1313 4820 1559 4875 internae
1590 4820 1674 4874 di-

56 4914 275 4973 :tionis
310 4926 516 4965 amore
549 4907 834 4975 recolens,
859 4908 1063 4963 dilexit
1090 4913 1361 4963 nostrum
1396 4909 1673 4963 comitem

58 5004 391 5067 Lllelmum,
421 5005 477 5055 et
514 5015 623 5071 pro
680 5014 802 5070 quo
860 4998 1278 5069 martyrizatus
1335 5002 1422 5052 est
1464 4998 1674 5053 intimo

57 5094 199 5154 rdis
228 5090 455 5147 affectu
481 5089 608 5145 odit
636 5088 909 5143 nimium.
943 5088 1060 5145 Lite
1101 5087 1259 5142 enim
1286 5087 1547 5141 Herluini
1572 5103 1673 5141 co-

69 5187 177 5253 tis,
212 5178 617 5237 Northmanni
643 5177 741 5233 tali
774 5177 925 5232 duce
950 5176 1182 5249 privati,
1216 5176 1676 5245 congredientur

62 5271 337 5331 entione
364 5267 572 5321 mortis
599 5267 658 5323 in
689 5282 847 5333 eum,
898 5265 946 5319 si
992 5264 1137 5319 forte
1198 5280 1336 5320 eum
1398 5264 1672 5320 viderint.

60 5360 391 5432 ,apropter
417 5371 551 5417 eum
614 5354 734 5411 noli
773 5354 988 5408 ducere
1020 5359 1238 5415 tecum,
1272 5368 1345 5409 ne
1380 5354 1544 5422 forte,
1605 5370 1675 5408 eo

60 5446 265 5522 gnito,
311 5447 599 5500 nascatur
644 5441 949 5514 utriusque
981 5441 1272 5496 exercitus
1325 5441 1614 5513 jurgium.
1646 5464 1672 5490 »

59 5552 151 5595 nc
183 5530 452 5604 quidam
502 5547 573 5584 ex
603 5530 895 5585 tironibus
946 5531 1243 5588 Bernardo
1298 5532 1677 5605 respondisse

60 5634 176 5685 tur
213 5638 227 5676 :
268 5640 301 5671 «
333 5622 486 5674 Num
508 5623 750 5690 propter
776 5623 829 5674 te
856 5626 1221 5695 caeterosque
1250 5624 1517 5679 advenas
1548 5622 1677 5677 talis

62 5729 221 5783 nes,
260 5714 333 5768 ut
390 5712 477 5765 est
527 5707 864 5781 Herluinus,
920 5712 1056 5770 ullis
1110 5712 1351 5772 latebris
1381 5712 1677 5787 repositus

1774 466 1992 523 bantur
2017 470 2454 538 considerabat,
2489 474 2763 546 illiusque
2793 477 3142 533 invectionis
3164 480 3433 534 dolorem

1772 551 1831 606 in
1861 554 2037 607 corde
2064 557 2394 626 pressabat.
2432 559 2766 613 Ludovicus
2824 566 3025 616 autem
3075 580 3179 617 rex
3210 563 3438 619 Franci-

1774 658 1995 711 genum
2046 660 2299 698 monens
2354 647 2699 713 exercitum,
2754 648 3100 703 Herluinum
3155 652 3435 707 comitem

1774 732 2059 787 conduxit
2108 750 2333 799 secum,
2368 740 2685 807 castraque
2716 741 2973 791 metatus
2999 742 3085 792 est
3106 738 3247 793 citra
3276 741 3435 797 Divaa

1773 819 2114 876 decursum.
2186 824 2707 879 Constantinenses
2775 829 2954 897 atque
3011 827 3434 896 Bajocacenses

1772 923 1910 963 eum
1929 926 2065 977 rege
2098 911 2422 973 Haigroldo
2457 913 2608 967 ultra
2664 912 2819 966 Divae
2852 914 3076 969 ﬂuenta
3104 914 3282 971 ﬁxere
3310 922 3437 973 ten-

1773 998 1939 1053 toria.
1968 990 2299 1055 Bernardus
2326 1003 2521 1073 primo
2545 1018 2722 1057 mane
2756 1019 3148 1075 consurgens,
3178 1007 3338 1062 venit
3357 1008 3435 1063 ad

1770 1102 1974 1153 regem
2034 1090 2397 1145 Ludovicum
2455 1090 2703 1145 dicens:
2742 1114 2766 1138 ‹‹
2802 1093 3051 1148 Domine
3096 1110 3219 1161 rex,
3274 1096 3435 1152 velo-

1772 1174 1897 1229 cius
1930 1193 2129 1243 surge,
2176 1184 2229 1233 et
2274 1179 2419 1250 quid
2475 1180 2777 1246 agendum
2826 1182 2917 1247 sit,
2962 1183 3242 1238 secretius
3296 1201 3435 1240 cum

1772 1263 1886 1318 tuis
1935 1265 2170 1320 rimare.
2225 1267 2477 1322 Alterius
2532 1268 2716 1322 moris
2759 1273 2847 1323 est
2886 1284 3032 1336 gens
3078 1271 3204 1325 haec
3249 1289 3436 1343 quam

1774 1354 2157 1423 Francigena,
2215 1361 2655 1425 argumentosaa
2706 1356 3039 1412 calliditatis
3092 1359 3271 1413 nimis
3318 1362 3437 1432 ple-

1772 1456 1868 1495 na.
1909 1464 1934 1490 ››
1961 1446 2119 1498 Tunc
2146 1445 2394 1515 quidam
2438 1445 2732 1499 recubans
2781 1444 3158 1515 intrinsecus,
3190 1463 3433 1519 respon-

1771 1531 1856 1585 dit
1886 1532 2207 1599 Bernardo,
2261 1550 2397 1601 rege
2444 1534 2768 1601 adnuente,
2830 1536 3005 1588 stanti
3062 1535 3431 1592 forinsecus:

1774 1640 1799 1667 «
1834 1622 1962 1674 Pete
1993 1620 2317 1675 dormitum
2349 1622 2539 1690 citius,
2568 1622 2709 1693 quia
2754 1637 2875 1676 non
2926 1638 3208 1678 curamus
3238 1625 3312 1679 de
3354 1629 3435 1680 ta-

1771 1706 1945 1763 libus.
1974 1731 2003 1761 »
2044 1712 2375 1766 Bernardus
2408 1728 2551 1766 vero
2582 1712 3001 1781 hujuscemodi
3045 1713 3239 1767 verbis
3269 1730 3435 1770 exas.

1772 1804 2033 1870 peratus,
2064 1800 2293 1872 repetiit
2346 1806 2541 1855 castra
2597 1801 3098 1867 Rothomagensia
3149 1801 3429 1859 velocius.

1771 1892 2072 1943 Aistuante
2104 1906 2244 1943 vero
2277 1890 2397 1944 sole
2448 1890 2596 1944 hora
2627 1889 2743 1943 diei
2778 1890 2966 1955 tertia,
3002 1898 3312 1961 coeperunt
3340 1893 3433 1947 Di-

1770 1995 1860 2032 vaa
1886 1977 2121 2033 alveum
2186 1978 2770 2033 Constantinensium
2828 1978 3435 2052 Bajocacensiumque

1771 2067 2023 2122 transire
2068 2068 2331 2132 agmina.
2388 2067 2721 2121 Bernardus
2771 2072 2972 2121 autem
3018 2069 3130 2122 hoc
3178 2069 3433 2138 intuens,

1771 2173 1974 2225 regem
2005 2156 2218 2211 iterum
2275 2156 2533 2228 expetiit,
2586 2156 2790 2210 dicens
2824 2175 2834 2210 :
2875 2180 2900 2204 ‹‹
2945 2159 3136 2229 Supra
3163 2159 3304 2213 satis
3336 2176 3437 2214 rex

1771 2246 2092 2300 dormitare
2118 2245 2316 2300 adhuc
2344 2245 2534 2311 stude,
2567 2245 2711 2316 quia
2733 2260 2879 2313 gens
2915 2246 3213 2315 Dacigena
3243 2253 3437 2303 trans-

1774 2350 1975 2403 gressa
2009 2334 2162 2388 Divre
2189 2335 2411 2388 ﬂumen
2444 2338 2558 2388 stat
2595 2334 2887 2405 equestris
2916 2334 2975 2389 in
3006 2334 3218 2405 littore,
3238 2335 3437 2390 nescio

1773 2425 1944 2494 cujus
1971 2422 2364 2487 animositatis
2387 2408 2732 2477 intentione.
2770 2446 2797 2471 ››
2859 2426 2977 2478 Rex
3008 2439 3144 2478 vero
3193 2424 3437 2479 minaci-

1772 2514 1886 2568 bus
1916 2512 2111 2568 verbis
2138 2513 2444 2578 excitatus,
2498 2512 2748 2566 surrexit
2779 2512 2966 2579 ocius,
3023 2512 3438 2584 comitumque

1774 2607 1830 2656 et
1858 2601 2112 2657 militum
2143 2600 2473 2671 frequentia
2504 2598 2870 2670 constipatus
2903 2599 3219 2653 festinabat
3247 2599 3329 2653 ire
3360 2599 3437 2654 ad

1776 2692 1867 2745 sui
1916 2691 2280 2762 colloquium
2327 2688 2615 2743 interitus.
2664 2692 3132 2758 Convocansque
3189 2688 3438 2742 Bernar-

1774 2780 1921 2835 dum
1952 2779 2191 2835 dixitad
2223 2795 2361 2834 eum
2392 2795 2403 2832 :
2441 2800 2466 2826 ‹‹
2500 2776 2705 2832 Nescio
2726 2777 2872 2848 quid
2921 2793 3089 2831 meus
3110 2776 3257 2831 mihi
3284 2793 3437 2847 prae-

1777 2870 1928 2939 sagit
1959 2872 2216 2935 animus,
2246 2867 2483 2940 placida
2502 2882 2624 2922 non
2658 2866 2801 2920 mihi
2855 2871 2943 2921 est
2970 2865 3166 2937 quiete
3199 2871 3439 2920 conten-

1778 2964 1893 3014 tus.
1954 2962 2068 3012 Aut
2112 2972 2405 3029 pugnam,
2454 2960 2554 3010 aut
2618 2953 2841 3025 aliquid
2902 2969 3125 3007 navum
3181 2953 3441 3021 exagitat

1778 3048 1921 3103 mihi
1976 3047 2258 3101 invadere
2301 3044 2603 3099 sollicitus.
2658 3066 2685 3092 ››
2739 3043 2827 3097 Ad
2880 3042 3004 3096 haec
3061 3042 3435 3097 Bernardus:

1779 3160 1806 3186 ‹‹
1840 3142 2045 3193 Nonne
2067 3134 2347 3209 prohibui
2393 3133 2594 3188 multis
2648 3131 3189 3205 prosecutionibus,
3218 3148 3293 3186 ne
3338 3147 3439 3186 co-

1778 3243 1907 3281 mes
1960 3226 2273 3281 Herluinus
2323 3225 2441 3279 huc
2489 3222 3031 3277 conduceretur?»
3088 3220 3188 3274 His
3244 3220 3436 3290 dictis,

1777 3316 1936 3370 venit
1988 3314 2065 3370 ad
2099 3314 2321 3379 locum,
2377 3329 2498 3384 quo
2557 3311 2844 3382 placitum
2884 3315 3012 3364 erat
3058 3308 3436 3380 dispositum.

1779 3404 1983 3459 Stabat
2008 3406 2206 3457 autem
2231 3401 2344 3455 illic
2380 3416 2517 3454 cum
2549 3397 3149 3455 Constantinensibus
3185 3402 3241 3451 et
3270 3398 3441 3467 Bajo-

1781 3489 2131 3544 cacensibus
2161 3504 2261 3543 rex
2297 3486 2671 3554 Haigroldus,
2703 3502 2840 3553 rege
2875 3483 3168 3537 Ludovico
3190 3484 3438 3554 propius

1782 3582 1971 3632 stante
1999 3594 2134 3631 cum
2170 3574 2544 3643 Francigenis
2578 3574 2945 3628 altrinsecus.
3002 3571 3205 3625 Stabat
3234 3577 3435 3625 autem

1783 3672 1837 3721 et
1863 3666 1976 3721 illic
2026 3669 2319 3720 Dacorum
2351 3662 2578 3717 delecta
2627 3662 2932 3732 juventus,
2965 3659 3187 3714 adnixa
3227 3660 3433 3725 hastis,

1782 3760 2112 3827 tenensque
2145 3757 2312 3808 scuta
2341 3752 2400 3807 in
2432 3751 2735 3816 manibus,
2787 3748 3139 3821 quaerebant
3176 3748 3438 3803 occasio-

1783 3862 1940 3912 nem,
1974 3862 2095 3918 qua
2128 3848 2372 3917 possent
2404 3846 2657 3899 Francos
2684 3841 2952 3897 occidere
2983 3845 3040 3895 et
3070 3856 3289 3910 regem.
3325 3842 3439 3895 Mu-

1784 3942 1898 3991 tua:
1930 3934 2106 4004 igitur
2132 3933 2453 3989 voluntatis
2503 3930 2820 4003 colloquio,
2872 3945 3007 3998 rege
3031 3928 3349 3994 Ludovico,
3384 3932 3442 3983 et

1786 4025 1975 4080 Dacia:
2006 4040 2141 4093 rege
2175 4023 2515 4094 Haigroldo,
2539 4024 2557 4042 ‘
2590 4020 3009 4077 contuentibus
3033 4018 3440 4087 Francigenis-

1782 4130 1900 4186 que
1932 4118 1987 4169 et
2040 4114 2368 4182 Dacigenis,
2422 4127 2658 4167 necnon
2713 4108 3190 4178 Constantigenis
3245 4113 3299 4162 et
3340 4110 3441 4163 Ba-

1778 4203 2082 4273 jocacenis
2125 4202 2392 4274 undique
2442 4217 2644 4255 secum
2689 4198 2953 4267 armatis,
3015 4195 3443 4252 circumstanti-

1783 4292 1897 4347 bus
1931 4292 2207 4359 ;cuidam
2234 4291 2401 4346 militi
2420 4296 2561 4345 noto
2587 4288 2897 4361 quondam
2926 4286 3036 4341 sibi
3062 4285 3208 4340 dixit
3239 4299 3441 4338 comes

1784 4382 2097 4436 Herluinus
2127 4398 2138 4433 :
2170 4403 2196 4427 ‹‹
2224 4380 2325 4449 Cuj
2338 4396 2403 4433 us
2431 4378 2749 4450 sospitatis,
2803 4377 3093 4446 cujusque
3140 4371 3438 4444 prosperi-

1784 4470 1938 4537 tatis,
1962 4470 2055 4523 vel
2084 4469 2255 4538 cujus
2283 4467 2596 4534 facultatis,
2629 4469 2693 4520 tu
2715 4471 2771 4519 et
2800 4464 2967 4532 origo
3001 4463 3083 4516 tui
3110 4461 3378 4531 generis?
3410 4481 3437 4509 »

1784 4557 2107 4630 Respondit
2136 4556 2230 4611 ille
2265 4574 2277 4610 :
2304 4578 2329 4604 «
2360 4554 2621 4610 Salubris
2647 4570 2781 4608 sum
2808 4550 3256 4618 incolumitatis,
3280 4549 3441 4605 locu-

1784 4648 2075 4722 pletisque
2098 4644 2411 4712 felicitatis,
2461 4648 2640 4715 atque
2673 4640 3021 4696 sufﬁcientis
3071 4638 3376 4694 ubertatis.
3406 4657 3437 4690 ›

1785 4735 2306 4793 Constantinenses
2335 4749 2476 4789 vero
2499 4738 2555 4787 et
2574 4732 3002 4802 Bajocacenses
3034 4733 3343 4801 coeperunt
3361 4728 3440 4783 ab

1782 4826 2143 4893 interrogato
2193 4824 2490 4895 inquirere
2519 4822 2803 4894 quisnam
2835 4824 3010 4887 esset,
3044 4818 3146 4890 qui
3175 4817 3249 4872 de
3277 4834 3442 4872 com-

1785 4913 1979 4969 modis
2003 4930 2123 4967 suaa
2155 4910 2560 4984 prosperitatis
2612 4915 2733 4965 tam
2775 4907 3141 4964 familiariter
3182 4905 3442 4961 sciscita-

1784 5006 1963 5057 retur.
2010 5000 2333 5072 Respondit
2380 4999 2473 5054 ille
2528 4998 3011 5070 inquirentibus:
3070 5018 3097 5044 ‹‹
3128 4993 3445 5049 Herluinus

1788 5089 2194 5146 monasterioli
2215 5089 2393 5144 castri
2425 5103 2626 5143 comes
2645 5086 3005 5158 praecipuus.
3040 5107 3067 5133 ››
3111 5082 3445 5140 Constanti-

1785 5196 2001 5235 nenses
2032 5184 2234 5235 autem
2260 5179 2538 5233 dixerunt
2596 5176 3097 5247 Bajocacensibus
3129 5192 3142 5228 :
3178 5196 3203 5222 ‹‹
3243 5176 3447 5228 Nonne

1786 5270 1901 5334 hic,
1955 5268 2125 5339 cujus
2168 5268 2366 5339 jurgio
2419 5266 2511 5321 vel
2571 5281 2681 5339 pro
2737 5282 2860 5338 quo
2914 5268 3197 5338 deceptus
3245 5267 3337 5317 est
3392 5267 3451 5319 et

1787 5357 2202 5428 martyrisatus
2273 5361 2475 5412 noster
2525 5354 2722 5410 senior
2785 5356 3146 5423 Willelmus,
3192 5352 3451 5408 Marchio

1786 5445 2031 5519 duxque
2081 5446 2539 5501 honestissimus
2578 5445 2605 5499 ‘I
2664 5448 2989 5503 Erueturne
3060 5444 3153 5501 hic
3197 5441 3449 5497 infestus

1786 5536 2004 5592 nostris
2030 5535 2311 5591 manibus
2338 5538 2365 5590 ζ)
2397 5557 2424 5584 ››
2458 5534 2555 5588 His
2585 5535 2776 5603 dictis,
2809 5542 3114 5594 commoto
3143 5547 3453 5587 murmure

1787 5624 2263 5698 incompescibili
2296 5630 2618 5696 torqueunt
2649 5642 2819 5682 arma
2851 5644 3066 5686 omnes
3120 5622 3452 5691 Dacigenae,

1788 5714 1956 5775 furiis
2013 5714 2416 5783 stomachati;
2467 5715 2737 5791 tantique
2804 5716 3039 5785 domini
3080 5715 3271 5776 morte
3325 5710 3456 5775 felle
