3878 6528
439 450 543 505 707

1419 441 1719 498 DUDONIS
1756 433 2014 495 DECANI
2048 434 2105 489 s.
2147 432 2468 500 QUINTlNl
2506 437 2889 498 VIROMAND.
3761 446 3806 497 τε,

443 577 731 629 aestuante
756 570 1050 638 bacchati,
1074 567 1385 625 occasione
1416 570 1610 637 capta,
1636 562 1931 619 invadunt
1958 562 2091 616 lier-
2124 558 2172 617 Δ
2202 561 2465 631 fugitans
2496 563 2748 636 alipedis
2775 563 2915 636 equi
2936 579 3117 620 cursu
3143 563 3391 620 errabat
3692 565 3806 630 Quen

442 663 675 719 luinum
698 661 1059 723 comitem,et
1078 658 1378 731 perimunt
1415 651 1788 727 imperterriti
1818 669 1831 720 ;
1861 649 2091 707 Franci-

446 768 612 821 genee
643 756 843 807 autem
874 748 1179 821 cupientes
1208 744 1487 801 comitem
1518 741 1865 799 Herluinum
1886 738 2090 795 ulcisci

444 858 625 915 seque
655 840 836 896 armis
866 836 1033 903 tueri,
1072 834 1389 902 insurgunt
1420 847 1599 904 super
1636 846 1739 886 eos
1790 826 2084 898 intrepidi.

443 933 622 1001 Cujus
651 926 980 985 occasionis
1009 924 1170 991 dolo,
1202 921 1387 995 praelii
1444 919 1763 974 certamine
1815 915 2089 972 atrociter

441 1020 605 1086 inito,
631 1016 834 1074 Franci
860 1015 986 1070 telis
1012 1011 1353 1082 lanceisque
1384 1007 1711 1081 pugnando
1751 1004 2084 1071 confractis,

442 1106 903 1165 obluctabantur
932 1104 1152 1159 fortiter
1197 1098 1586 1154 mucronibus
1616 1096 1911 1151 extractis.
1941 1097 2086 1149 Tan-

443 1199 583 1253 dem
626 1193 923 1252 multiﬂuo
952 1190 1348 1264 pestiferoque
1402 1184 1983 1244 Constantinensium
2030 1186 2088 1237 et

444 1283 955 1356 Bajocacensium,
1012 1295 1121 1335 nec
1171 1293 1289 1333 non
1347 1291 1726 1349 paganorum
1756 1277 1911 1328 coetu
1948 1271 2085 1327 hinc

445 1375 581 1431 inde
612 1372 834 1440 vallati,
853 1368 1282 1440 jugulabantur
1306 1363 1610 1421 dilacerati
1640 1363 1792 1417 sicut
1814 1360 2085 1416 bidentes

444 1480 481 1520 a
508 1463 683 1535 lupis.
707 1461 795 1515 Sic
826 1458 1126 1514 mortifero
1183 1471 1289 1527 per
1335 1453 1606 1526 praelium
1654 1450 1921 1523 impulsu
1951 1465 2085 1505 con-

444 1550 649 1619 gressi,
704 1547 796 1603 bis
832 1561 1050 1601 novem
1105 1542 1350 1598 comites
1405 1538 1760 1596 nobilissimi
1790 1553 2086 1610 praeoccu-

441 1642 661 1710 pantur
688 1640 897 1701 morte,
932 1632 1205 1688 saeviente
1236 1634 1410 1688 Marte
1440 1628 1672 1699 dilapsi,
1701 1644 1774 1682 ex
1802 1631 1969 1698 parte
1999 1641 2085 1681 re-

443 1728 531 1797 gis
564 1724 859 1789 Ludovici,
889 1738 996 1779 nec
1027 1725 1153 1777 erat
1178 1720 1300 1775 ulla
1327 1735 1462 1790 spes
1493 1718 1645 1783 vitae,
1696 1716 1787 1771 vel
1815 1715 1971 1784 fuga:
2001 1731 2087 1770 re-

443 1816 648 1872 siduis.
680 1818 800 1870 Rex
836 1828 979 1868 vero
1007 1810 1335 1866 Ludovicus
1392 1806 1671 1880 praesidio
1726 1809 2085 1861 Francorum

2199 648 2448 722 quidam
2479 649 2974 719 Rothomagensis
3003 648 3173 706 miles
3212 650 3534 707 inermem
3564 651 3680 708 huc
3716 650 3806 706 illuc

2196 753 2314 810 que
2342 738 2731 796 ﬂuctuantem
2787 738 3162 811 conspiciens
3213 738 3589 810 aggreditur
3620 757 3635 806 ;
3663 744 3714 796 et
3736 756 3806 795 eui:

2196 826 2439 898 proprio
2468 825 2712 882 nomine
2734 825 3104 897 compellans
3116 826 3350 898 asperis
3382 825 3603 883 verbis
3630 826 3795 884 aifatu

2199 936 2226 962 ‹‹
2258 916 2575 982 Quorsum,
2615 929 2720 970 rex
2772 913 3088 982 Ludovico,
3144 914 3341 971 tendis
3378 915 3412 971 ‘I
3458 931 3667 989 quove
3713 920 3806 970 tene

2195 1002 2495 1058 desolatus
2520 1003 2627 1058 iter
2655 1003 2682 1057 ?
2712 1005 2840 1058 Non
2877 1002 3099 1059 nostris
3131 1002 3392 1059 elaberis
3423 1001 3681 1075 ﬁnibus,
3719 1019 3806 1076 quc,

2196 1092 2409 1163 injuste
2435 1092 2726 1148 invadens
2758 1092 2930 1149 stulte
2985 1092 3259 1166 irrepisti.
3293 1116 3323 1144 »
3370 1094 3486 1149 His
3551 1094 3711 1151 dictis
3749 1099 3806 1148 tor

2193 1197 2386 1253 quens
2411 1181 2805 1254 campitorem
2834 1197 3083 1254 equum,
3111 1186 3170 1238 et
3191 1181 3439 1239 irruens
3472 1199 3662 1257 super
3680 1198 3806 1251 regem

2196 1271 2559 1327 Ludovicum
2589 1286 2695 1343 per
2718 1270 2988 1326 habenas
3017 1270 3168 1325 freni
3209 1271 3371 1344 cepit
3397 1287 3583 1340 eum,
3616 1278 3768 1344 atque
3787 1286 3806 1322 r.

2193 1359 2590 1433 compellebat
2616 1358 2881 1432 equitare
2912 1376 3139 1415 secum.
3174 1362 3301 1416 Rex
3343 1364 3573 1416 autem
3604 1359 3806 1416 omnibs

2192 1449 2377 1506 armis
2406 1450 2690 1522 privatus,
2744 1464 2854 1504 nec
2884 1448 3011 1505 erui
3065 1453 3281 1521 potens
3312 1465 3353 1506 a
3378 1450 3654 1506 tenentis
3693 1465 3806 1504 mam

2191 1540 2327 1608 bus,
2359 1539 2506 1594 dixit
2534 1538 2612 1593 ad
2639 1536 2808 1593 illum
2851 1537 3279 1593 maestissimus
3326 1555 3340 1593 :
3398 1561 3434 1588 ‹‹
3470 1538 3621 1605 Quis
3657 1554 3727 1604 es,
3764 1552 3805 1589 τε

2192 1644 2316 1700 quo
2346 1644 2442 1683 me
2471 1626 2693 1682 iturum
2717 1641 2847 1681 esse
2889 1630 3253 1699 contorques
3280 1628 3310 1683 ?
3338 1646 3368 1678 »
3408 1626 3737 1701 Respondit
3758 1628 3806 1680 Bo

2195 1716 2620 1785 thomagensis.
2674 1738 2701 1763 ‹‹
2735 1718 2803 1771 Et
2849 1714 2988 1770 illuc
3020 1719 3076 1772 te
3105 1714 3357 1783 ducam,
3389 1731 3519 1772 nec
3552 1722 3665 1774 tua;
3690 1720 3803 1787 potes

2196 1806 2327 1861 tatis
2358 1806 2653 1861 ullatenus
2674 1804 2956 1876 deinceps
2982 1804 3116 1859 eris.
3149 1823 3169 1857 ι
3201 1807 3329 1860 Rex
3358 1809 3590 1862 autem
3609 1803 3805 1860 diﬁider.

442 1920 687 1960 cernens
714 1918 775 1957 se
804 1899 1161 1963 desolatum,
1202 1900 1597 1967 expertusque
1629 1893 1813 1965 praelii
1862 1892 2086 1963 pericu-
2127 1903 2167 1957 Β
2196 1898 2305 1962 sui,
2338 1900 2706 1966 mmstusque
2762 1893 3109 1948 necessitate
3161 1892 3563 1950 imminentis
3614 1892 3797 1968 pericu:

439 1992 585 2053 lum.
610 1991 765 2059 fugae
795 1986 1081 2044 tardantis
1111 1984 1426 2058 expetebat
1453 1982 1888 2037 auxilium.Rex
1916 1980 2086 2052 quip-

438 2097 514 2155 pe
543 2078 901 2150 Haigroldus
922 2075 1292 2148 prospiciens
1324 2072 1534 2128 abesse
1589 2086 1791 2139 regem
1842 2069 2087 2125 Ludovi-

439 2188 599 2236 cum,
631 2168 857 2225 volucri
885 2165 1169 2237 sonipede
1198 2178 1414 2232 agmen
1443 2177 1652 2217 secans
1690 2160 1976 2225 medium,
2009 2159 2088 2214 ci-

439 2266 562 2317 tato
583 2275 760 2315 cursu
780 2254 1250 2329 persequebatur
1273 2269 1432 2307 eum.
1458 2255 1574 2306 Rex
1602 2254 1803 2305 autem
1837 2249 2086 2305 Ludovi-

441 2366 547 2405 cus
574 2349 689 2403 hac
707 2345 960 2415 illacque
988 2340 1294 2412 fugitabat,
1326 2340 1468 2411 quia
1494 2340 1640 2394 freni
1674 2355 1710 2394 a
1729 2340 1919 2411 capite
1948 2338 2086 2410 equi

440 2436 672 2508 delapsi
724 2433 992 2490 habenas
1049 2429 1329 2485 manibus
1388 2427 1769 2483 solummodo
1827 2427 2080 2483 tenebat.

443 2522 801 2593 Haigroldus
829 2524 1028 2575 autem
1053 2534 1157 2573 rex
1215 2516 1577 2572 Ludovicum
1608 2516 1797 2571 taliter
1832 2516 2083 2588 impedi-

441 2618 569 2670 tum
594 2627 733 2667 mox
762 2608 1022 2681 expetiit,
1053 2612 1109 2661 et
1151 2622 1258 2678 per
1280 2605 1564 2677 capulum
1618 2603 1940 2672 fulgentem
1987 2621 2086 2660 en-

439 2717 566 2756 sem
604 2702 834 2761 tenens,
866 2694 1083 2763 vagina
1138 2709 1287 2749 cava
1319 2708 1353 2747 a
1383 2692 1561 2747 latere
1617 2692 1835 2763 diripit,
1890 2692 2083 2748 militi-

434 2789 669 2859 busque
700 2786 822 2841 suis
845 2800 921 2839 ne
950 2783 1301 2847 elaberetur,
1335 2797 1482 2835 neve
1507 2780 1891 2847 occideretur,
1942 2798 2081 2837 eum

435 2873 894 2933 commendavit.
930 2876 1056 2942 Ipse
1087 2887 1228 2927 vero
1258 2874 1432 2941 capto
1460 2885 1597 2937 rege
1636 2869 2078 2938 congratulans,

435 2967 512 3021 ad
540 2963 726 3038 praelii
765 2976 1051 3032 campum
1102 2960 1369 3014 concitus
1420 2958 1724 3026 remeavit,
1774 2962 1833 3012 et
1884 2958 2081 3013 adhuc

432 3053 614 3109 armis
639 3053 896 3106 Francos
924 3065 986 3104 se
1017 3051 1245 3103 tuentes
1270 3045 1347 3100 ad
1398 3044 1859 3100 internecionem
1892 3060 2080 3115 usque

433 3139 767 3213 prostravit,
820 3144 998 3209 atque
1054 3135 1318 3190 Franciaa
1371 3134 1561 3202 gentis
1614 3133 1840 3187 laceros
1886 3133 2079 3205 plagis

2192 1984 2340 2040 dixit
2369 1984 2447 2040 ad
2468 1984 2791 2039 violentum
2822 1987 3132 2054 captorem
3159 1983 3251 2038 sui
3286 2000 3299 2038 :
3344 2002 3381 2037 ς
3414 1984 3710 2047 Miserere,
3733 1997 3806 2053 ps.

2195 2090 2316 2142 cor,
2356 2074 2632 2131 miserere
2677 2072 2815 2140 mei,
2843 2077 2900 2127 et
2918 2087 3058 2127 erue
3088 2088 3187 2127 me
3231 2088 3345 2144 per
3381 2078 3568 2131 tuam
3606 2075 3803 2147 pietate:

2194 2163 2267 2218 de
2295 2162 2577 2217 manibus
2606 2160 3002 2233 quierentium
3055 2160 3334 2218 animam
3386 2178 3628 2232 meam,
3659 2161 3803 2219 etins

2193 2250 2493 2306 diatorum
2522 2250 2688 2305 mihi.
2737 2249 2993 2305 Restitue
3047 2265 3144 2305 me
3182 2250 3386 2306 monti
3442 2251 3746 2311 Lauduno,
3783 2264 3801 2299 ιλ

2193 2354 2412 2409 queam
2440 2338 2677 2407 gloriari
2698 2346 2755 2393 et
2771 2336 3032 2406 gaudere
3063 2338 3387 2395 Francisco
3419 2336 3806 2413 nuper-b.3111;

2194 2427 2382 2495 gloria
2408 2432 2707 2499 quaeretur
2736 2426 2863 2482 sine
2917 2430 2973 2482 te
3003 2426 3192 2494 mihi;
3233 2428 3584 2501 omnisque
3634 2426 3803 2484 τπωιῖ

2191 2521 2248 2571 et
2274 2516 2487 2584 honor,
2519 2516 2625 2588 qui
2653 2532 2824 2572 meus
2852 2514 3042 2584 fuerit,
3067 2514 3172 2571 tibi
3188 2518 3319 2573 erit.
3354 2519 3603 2589 Regem
3621 2522 3672 2573 te
3698 2531 3803 2586 sup:

2190 2624 2287 2662 me
2319 2607 2366 2663 si
2399 2607 2655 2662 volueris
2685 2606 3043 2662 constituam
3077 2624 3091 2674 ;
3126 2607 3175 2662 si
3205 2624 3357 2671 non,
3415 2608 3736 2666 dimidium
3768 2622 3801 2658 rt‘

2191 2696 2292 2763 gni
2323 2695 2673 2751 concedam.
2727 2696 2948 2751 Rerum
2980 2695 3446 2768 verborumque
3474 2699 3591 2755 ﬁat
3616 2696 3799 2754 maxim.

2189 2785 2338 2840 ﬁdes
2366 2785 2515 2840 inter
2543 2801 2639 2840 me
2669 2789 2743 2851 te,
2776 2789 3157 2841 sacramento
3185 2784 3694 2858 efcolligationis
3712 2786 3799 2841 Chii

2190 2874 2452 2928 stianse.»
2483 2874 2620 2928 Haec
2646 2878 2916 2945 repetens
2940 2890 3047 2929 rex
3067 2874 3342 2930 crebrius
3350 2881 3442 2945 ,et
3457 2892 3716 2932 exorans
3731 2888 3801 2927 cur

2186 2962 2489 3033 lacrymis,
2521 2962 2750 3034 proruit
2797 2962 2872 3017 de
2904 2978 3060 3034 equo
3119 2962 3199 3019 ad
3229 2964 3431 3035 pedes
3466 2982 3541 3021 se
3588 2965 3801 3021 ducents

2187 3054 2347 3106 Tunc
2378 3050 2547 3106 miles
2577 3067 2895 3122 percussus
2920 3051 3164 3120 lugubri
3204 3053 3449 3122 gemitu
3483 3055 3669 3125 regis,
3703 3068 3789 3107 cca.

2188 3144 2400 3210 tusque
2439 3138 2818 3211 petitionibus
2849 3139 3203 3205 multitodis,
3245 3140 3564 3213 lacrymis
3592 3144 3672 3199 ita
3720 3141 3803 3195 ian

434 3230 584 3284 Orco
634 3224 899 3281 detrusit.
946 3221 1333 3279 Northmanni
1386 3236 1526 3275 vero
1564 3220 1827 3287 victoria,
1870 3220 2078 3275 armis-
2107 3249 2149 3306 ρ
2187 3226 2447 3281 obortis:
2480 3248 2506 3275 ‹‹
2538 3225 3003 3282 Promissionum
3033 3232 3275 3284 tuarum
3302 3227 3405 3285 fac
3472 3231 3634 3287 mihi
3674 3230 3799 3284 ﬁdem

430 3330 549 3387 que
575 3318 632 3369 et
660 3311 865 3383 spoliis
888 3309 1076 3382 potiti,
1132 3308 1432 3381 praeliique
1485 3323 1768 3378 campum
1821 3306 2077 3362 lustran-

432 3408 519 3459 tes
566 3399 773 3465 securi,
834 3398 913 3454 ad
968 3396 1349 3452 humandum
1397 3394 1735 3450 detulerunt
1776 3396 2077 3451 exanimes

431 3505 558 3546 suae
589 3487 801 3558 gentis.

1065 3678 1446 3717 APOSTROPHA.

601 3844 785 3915 Digne
814 3859 924 3917 pro
954 3842 1177 3898 meritis
1201 3842 1371 3897 ducis
1405 3841 1602 3910 futuri,

600 3933 875 3989 Richardi
900 3932 1166 3999 celebris,
1196 3932 1458 4002 bonique
1488 3931 1646 4000 iusti,

600 4021 899 4089 Fulgentis
924 4021 1110 4093 pueri,
1143 4020 1479 4091 indolisque
1501 4036 1684 4075 sacras
1718 4036 1730 4073 :

601 4111 805 4164 Vestra
832 4124 1058 4180 proque
1079 4107 1377 4174 ﬁdelitate,
1407 4124 1531 4179 qua
1556 4123 1717 4161 nunc

602 4195 883 4252 Bellando
912 4197 1167 4269 patriam
1200 4196 1407 4251 tenetis
1430 4196 1623 4250 istam.

601 4285 990 4341 Northmanni
1017 4302 1054 4341 o
1082 4299 1358 4356 proceres
1385 4283 1524 4339 satis
1562 4286 1830 4355 potentes

598 4379 660 4431 ln
683 4376 1006 4431 certamine
1030 4374 1217 4447 praelii
1248 4382 1303 4429 et
1334 4373 1652 4445 triompho.

598 4464 764 4519 Cauti
793 4469 848 4519 et
872 4462 1120 4519 consilio
1140 4461 1431 4535 probique
1454 4466 1688 4529 cuncto,

595 4554 909 4608 Servantes
941 4551 1134 4607 stabili
1156 4556 1356 4607 tenore
1386 4567 1619 4623 pacem,

595 4644 663 4697 Et
690 4656 873 4696 sacrae
902 4640 1041 4696 ﬁdei
1061 4640 1425 4713 petitionem.

592 4733 759 4786 Nunc
785 4729 1019 4795 salvete,
1053 4729 1261 4800 valete,
1302 4735 1467 4785 avete
1488 4744 1743 4800 semper.

596 4820 660 4873 Et
680 4834 806 4887 vos,
837 4823 894 4874 et
924 4817 1183 4886 soboles,
1212 4817 1367 4873 sacri
1394 4822 1450 4872 et
1473 4820 1741 4888 nepotes,

593 4908 796 4963 Omnis
820 4908 1135 4980 progenies
1156 4910 1402 4963 sacrata:
1430 4905 1647 4976 stirpis,

592 4995 979 5068 Septenaeque
1007 4996 1209 5051 locum
1237 4992 1452 5064 quietis
1475 4996 1703 5062 aptum.

592 5084 731 5139 Post
759 5090 922 5141 artus
950 5082 1270 5151 lugubrem
1296 5078 1672 5146 solutionem,

590 5176 655 5228 In
686 5187 1046 5243 summoque
1072 5170 1235 5225 bono
1272 5167 1412 5223 novi
1442 5166 1641 5222 refecti

592 5262 772 5318 Sortis
798 5274 1109 5332 prospera,
1139 5256 1235 5311 bis
1264 5254 1480 5322 dualis,
1508 5259 1733 5312 octavas
1762 5274 1832 5314 ac
1859 5258 1974 5329 bis,

591 5351 738 5403 Cum
769 5347 990 5403 sanctis
1015 5343 1263 5414 capiatis
1294 5344 1617 5413 aggregati,

590 5437 862 5502 Regnum
891 5432 995 5503 qui
1022 5430 1222 5503 patriae
1252 5432 1460 5487 tenetis
1489 5432 1688 5504 hujus,

592 5520 687 5575 Vis
715 5520 929 5576 virtute
952 5518 1211 5591 potentis
1239 5523 1297 5575 et
1319 5520 1558 5589 tenacis,

590 5605 866 5662 Richardi
892 5606 1063 5677 pueri
1087 5606 1150 5662 in
1176 5605 1478 5665 ﬁdelitate.

483 5783 709 5840 Interea
737 5800 840 5839 rex
859 5783 1191 5841 Ludovicus
1223 5786 1543 5842 custodum
1587 5784 1914 5857 spoliorum
1947 5804 2049 5843 cu-

2186 3330 2297 3381 ego
2329 3312 2666 3367 conducam
2688 3318 2740 3367 te
2770 3313 3058 3369 Lauduno
3089 3314 3329 3370 salvum
3360 3322 3425 3373 et
3444 3318 3795 3375 incolumem

2189 3402 2519 3457 Voluntarie
2550 3417 2689 3456 vero
2719 3406 2897 3473 pacta
2954 3401 3232 3475 factaque
3265 3402 3420 3471 ﬁde,
3485 3408 3675 3480 cepit
3707 3404 3803 3459 nn}:

2182 3505 2385 3559 regem
2411 3489 2766 3561 conducere,
2796 3490 3000 3547 relicto
3057 3492 3200 3547 recti
3234 3492 3487 3551 itineris
3524 3496 3694 3553 calle.
3720 3497 3801 3548 tm:

2183 3594 2284 3634 rea
2348 3577 2845 3646 Rothomagensis
2924 3580 3262 3635 Bernardus
3322 3585 3659 3655 ereptione

2181 3666 2617 3735 maestissimus,
2674 3666 2834 3722 misit
2889 3668 3119 3723 concito
3171 3668 3448 3743 legatos,
3498 3690 3588 3730 ne
3611 3670 3800 3730 transsr.

2180 3772 2284 3811 rex
2314 3755 2647 3810 Ludovicus
2697 3754 2777 3810 ad
2816 3771 3027 3812 omnes
3087 3759 3397 3830 Sequanae
3461 3768 3700 3834 portus.
3741 3764 3796 3829 η’λέ

2179 3859 2321 3898 vero
2352 3842 2522 3898 citius
2552 3858 2738 3914 quam
2794 3844 3007 3915 potuit,
3060 3846 3306 3902 tardum
3366 3865 3601 3919 regem
3646 3853 3796 3906 auter;

2178 3931 2310 3987 lans
2336 3932 2657 4003 praecessit,
2691 3937 2748 3987 et
2778 3920 3224 4003 Rothomagum
3279 3941 3683 4011 praepetibus
3708 3953 3797 4006 eqs;

2179 4036 2318 4075 cum
2349 4019 2469 4073 suis
2502 4018 2789 4074 militibus
2819 4021 3188 4090 acceleravit,
3222 4028 3280 4079 et
3331 4027 3451 4098 qui
3513 4044 3719 4099 regem
3742 4040 3791 4095 pc

2176 4108 2479 4179 quirerent
2505 4107 2831 4164 ﬁdissimos
2853 4110 3263 4181 exploratores
3292 4114 3497 4172 misit.
3516 4117 3684 4175 Miles
3708 4127 3799 4169 ver:

2176 4197 2281 4267 qui
2310 4211 2512 4263 regem
2540 4194 2794 4252 liberare
2850 4198 3206 4269 conabatur,
3239 4200 3425 4258 domi
3482 4223 3568 4262 ne
3629 4205 3800 4262 forte;

2175 4284 2472 4340 veniretur
2528 4284 2778 4340 retinere
2828 4285 2998 4341 illum
3046 4287 3260 4356 noluit,
3288 4290 3403 4346 sed
3435 4300 3644 4351 noctu
3679 4295 3731 4348 in
3769 4290 3806 4340 Sa

2173 4388 2390 4444 quanae
2420 4371 2617 4427 insula
2644 4374 2929 4446 reposuit,
2957 4375 3208 4447 cupiens
3234 4378 3615 4439 conducere
3637 4397 3757 4438 eum
3776 4417 3801 4427 ω

2173 4461 2553 4530 Laudunum,
2607 4462 3087 4534 exploratoribus
3142 4465 3420 4535 fatigatis
3486 4478 3555 4529 et
3610 4486 3801 4529 revera:

2173 4549 2584 4621 Exploratores
2613 4550 2790 4620 igitur
2819 4552 3071 4609 scientes
3101 4555 3271 4626 quod
3293 4555 3382 4611 ab
3416 4559 3534 4616 illo
3564 4558 3803 4618 milite

2166 4637 2405 4693 beretur
2440 4655 2542 4695 rex
2568 4639 2921 4713 Ludovicus,
2951 4647 3241 4699 venerunt
3269 4644 3356 4700 ad
3390 4646 3681 4707 domum
3704 4648 3794 4718 ejus

2169 4731 2226 4781 et
2251 4727 2604 4799 accipientes
2634 4744 2906 4797 uxorem,
2930 4730 3207 4803 ﬁliosque
3237 4737 3298 4788 et
3341 4733 3552 4802 ﬁlias,
3605 4752 3801 4812 equos“

2169 4831 2376 4887 equas,
2404 4832 2548 4873 oves
2604 4820 2661 4872 et
2715 4817 2921 4889 boves,
2980 4836 3361 4894 omnemque
3426 4827 3806 4901 supellectile.

2168 4903 2299 4974 ejus
2323 4904 2622 4961 duxerunt
2656 4905 2735 4961 ad
2788 4907 3236 4977 Rothomagum
3279 4911 3448 4967 Bern
3460 4918 3634 4974 ardo
3690 4916 3801 4970 cit:

2168 4992 2336 5047 Miles
2360 4998 2563 5049 autem
2585 4994 2775 5050 sciens
2806 4994 3149 5053 nullatenus
3174 5014 3367 5069 posse
3400 5005 3728 5063 abscondi

2168 5080 2325 5152 plius
2374 5097 2598 5153 regem,
2670 5083 2833 5139 venit
2885 5085 3250 5156 quantocius
3322 5090 3407 5145 ad
3497 5094 3802 5151 Bernam‘;

2170 5170 2733 5239 Rothomagensem,
2786 5176 2845 5227 et
2894 5172 3251 5243 provolutus
3310 5177 3402 5233 ad
3459 5184 3675 5254 pedes
3724 5196 3799 5251 eg;

2167 5256 2602 5329 deprecabatur
2638 5263 2704 5314 ut
2744 5260 3038 5331 recipiens
3096 5277 3310 5333 regem
3349 5270 3671 5330 redderet

2166 5345 2279 5400 sibi
2320 5362 2589 5403 uxorem.
2642 5348 2982 5404 Bernardus
3018 5366 3162 5407 vero
3217 5353 3405 5412 solito
3466 5359 3706 5425 lmtior,

2162 5434 2333 5506 piens
2354 5441 2635 5491 moestum
2658 5442 3024 5509 captumque
3044 5455 3277 5511 regem,
3300 5445 3607 5507 reddidit
3634 5453 3692 5507 ei
3712 5438 3805 5503 se;

2165 5538 2432 5580 uxorem.
2509 5524 2656 5581 Misit
2713 5524 2892 5595 igitur
2957 5526 3032 5582 ad
3100 5528 3663 5597 Silvaneotensem

2160 5612 2444 5679 nardum,
2476 5616 2533 5668 et
2556 5613 2868 5670 mandavit
2919 5614 2974 5671 ei
3002 5620 3286 5689 optatum
3315 5625 3499 5694 regis
3559 5602 3806 5694 evenant

2161 5700 2496 5759 Bernardus
2544 5718 2684 5758 vero
2736 5718 2939 5759 comes
2979 5704 3192 5763 hilaris
3249 5713 3311 5765 et
3363 5690 3589 5787 laetus,
3639 5690 3803 5809 coastl

2159 5809 2306 5865 gens
2336 5789 2490 5845 illico
2516 5794 2738 5879 noctu,
2768 5792 2847 5847 ad
2886 5795 3206 5864 Hugonem
3234 5801 3415 5857 venit
3460 5806 3717 5865 ducem

408 5873 656 5948 piditate
676 5873 1570 5947 deceptorummanibusevasit,
1583 5874 1776 5934 ethae
1796 5873 2049 5951 illacque
2152 5896 2354 5960 gnum
2400 5878 2676 5949 Parisius,
2730 5879 2837 5952 qui
2875 5880 3031 5940 dixit
3051 5884 3115 5943 ei
3143 5903 3159 5942 ;
3186 5908 3217 5936 α
3247 5888 3543 5968 Audisti.
