3968 6428
127 262 224 314 709

614 255 703 310 DE
745 254 984 310 GESTIS
1027 254 1460 309 NORMANNUE
1502 251 1739 306 DUI‘UM
1781 246 1958 305 LIBRI
1999 249 2194 305 TRES.
2225 280 2295 291 -—
2325 252 2450 307 LIB.
2498 255 2586 308 Ill.
2638 252 3065 312 RICHARDUS.

3455 259 3562 316 710

127 382 441 438 ventilante
474 381 636 437 fama
667 380 920 449 alicujus
950 379 1034 434 rei
1061 377 1435 434 novitatem?
1465 400 1488 426 »
1522 377 1787 445 Respon-
1818 376 1864 427 Α
1897 373 2312 432 consolidabat
2341 394 2353 441 ;
2394 377 2552 446 jura,
2585 377 2892 450 legesque,
2927 385 2985 435 et
3025 384 3246 436 statuta
3305 382 3563 438 Rollonis

131 471 214 527 dit
247 493 273 520 ‹‹
306 470 591 526 Nullius.»
625 472 691 524 Et
721 469 813 524 ille
850 486 862 523 :
894 491 920 517 ‹‹
957 471 1064 522 Pro
1105 471 1262 522 certo
1294 465 1629 537 comperias
1658 462 1788 516 Hai-

135 559 411 630 groldum
441 575 647 627 regem
681 560 976 613 Dacorum
1011 562 1252 628 propter
1279 554 1638 610 Richardum
1683 567 1788 606 ne-

128 653 330 720 potem
375 664 603 714 meum,
667 663 966 718 suumque
1047 645 1480 718 propinquum,
1539 642 1792 697 bellasse

136 742 342 794 contra
372 753 575 805 regem
607 735 996 799 Ludovicum,
1057 740 1113 790 et
1170 735 1230 790 in
1283 734 1415 806 ipso
1471 729 1792 787 certamine

132 831 343 898 quater
381 831 708 896 quaternos
732 823 979 878 comites
1011 829 1373 894 peremptos,
1402 826 1458 878 et
1488 824 1793 876 monaste-

126 914 256 970 rioli
287 914 466 970 castri
514 914 796 969 comitem
849 912 1212 976 Herluinum,
1262 917 1318 968 et
1367 911 1609 966 fratrem
1664 908 1794 977 ejus

132 1003 536 1068 Lambertum,
570 1001 717 1073 quin
759 1000 935 1054 etiam
971 1000 1277 1071 potestatis
1332 1000 1493 1053 crede
1541 995 1795 1068 asperri-

128 1108 229 1147 ma
264 1091 664 1158 Francigenis,
698 1105 900 1156 regem
929 1089 1197 1160 ipsorum
1227 1089 1520 1158 fugatum,
1554 1092 1611 1143 et
1654 1101 1796 1156 cap-

134 1186 286 1247 tum,
319 1185 377 1236 et
409 1181 608 1235 adhuc
639 1177 1103 1244 Rothomagensi
1154 1179 1301 1233 urbe
1359 1179 1474 1232 sub
1527 1174 1799 1232 custodia

145 1271 455 1339 Dacigente
489 1268 777 1324 Bernardi
817 1267 1250 1339 mancipatum.
1285 1292 1312 1316 »
1377 1272 1542 1334 Hugo
1597 1272 1799 1322 autem

129 1359 252 1414 dux
277 1375 540 1427 magnus
568 1373 748 1429 super
776 1356 940 1428 quod
971 1356 1280 1411 dicebatur
1307 1364 1579 1429 stupens,
1602 1357 1753 1413 dixit
1779 1375 1793 1412 :

130 1471 156 1496 ‹‹
196 1448 371 1504 Modo
400 1448 526 1514 regi
571 1446 736 1519 quod
782 1451 1043 1499 meretur
1090 1446 1322 1511 accidit,
1376 1452 1554 1517 atque
1602 1445 1802 1500 comiti

131 1537 416 1592 Herluino
438 1536 604 1608 quod
631 1536 811 1604 digne
842 1535 1058 1600 decuit,
1087 1536 1431 1606 czeterisque
1450 1534 1802 1590 consiliariis

127 1626 295 1698 quod
331 1625 647 1694 oportebat
681 1624 822 1695 pati.
854 1623 1178 1677 Willelmus
1211 1641 1476 1694 namque
1506 1624 1630 1678 (lux
1667 1628 1804 1679 Nor-

138 1715 572 1769 thmannorum
602 1729 711 1784 pro
743 1711 898 1781 regis
949 1712 1248 1776 fidelitate,
1308 1719 1363 1768 et
1411 1713 1800 1781 Francorum,

134 1819 369 1876 proque
390 1803 556 1874 quod
590 1801 866 1856 Ilerluino
898 1800 1130 1872 pridem
1151 1801 1420 1856 ablatum
1451 1802 1643 1856 reddit
1674 1818 1802 1856 mo-

130 1892 450 1948 nasterioli
479 1897 768 1958 castrum,
807 1890 1226 1962 martyrisatus
1253 1891 1569 1945 occubuit:
1595 1897 1650 1946 et
1679 1908 1802 1958 rex,

133 1998 321 2053 quem
353 1981 651 2036 decuisset
682 1979 1044 2034 exsecrabile
1105 1980 1296 2033 scelus
1354 1985 1412 2035 et
1468 1981 1805 2035 inauditum

139 2070 367 2139 ulcisci,
403 2069 650 2124 consilio
683 2068 942 2123 llerluini
970 2073 1024 2122 et
1069 2069 1296 2122 Arnulli
1353 2070 1565 2141 perﬁdi
1615 2069 1805 2124 ﬁlium

139 2162 268 2230 ejus
313 2159 426 2214 sub
459 2158 734 2214 custodia
767 2158 969 2222 tenuit,
1003 2163 1062 2212 et
1107 2163 1324 2213 terram
1369 2159 1804 2214 hiereditariam

141 2250 222 2305 illi
251 2249 369 2305 sibi
398 2249 619 2319 injuste
660 2247 1003 2302 vindicavit.
1043 2247 1310 2318 ‘Superni
1359 2248 1516 2315 regis
1563 2248 1804 2303 arbitrio

139 2339 514 2406 condignam
544 2337 830 2392 talionem
890 2335 1110 2408 patitur
1163 2354 1265 2390 rex
1313 2337 1647 2392 Ludovicus
1697 2354 1806 2410 pro

139 2428 416 2484 Willelmi
445 2427 617 2482 ducis
641 2426 765 2481 tilio
796 2431 1012 2497 nepote
1045 2431 1165 2493 tuo,
1219 2443 1403 2498 quem
1455 2431 1700 2498 captum
1734 2433 1810 2482 te-

139 2519 291 2584 nuit,
317 2534 553 2590 proque
587 2522 742 2571 terra
771 2533 961 2587 quam
1019 2516 1132 2570 sibi
1194 2517 1521 2587 usurpavit.
1576 2517 1808 2586 Majoris

138 2623 407 2679 namque
435 2605 874 2676 consiliiquam
915 2610 1142 2660 eceterae
1175 2611 1378 2673 gentes
1421 2610 1558 2660 sunt
1606 2607 1810 2661 North-

144 2696 383 2763 manni,
429 2695 534 2766 qui
583 2711 784 2763 regem
843 2694 1210 2748 Ludovicum
1261 2694 1630 2761 subegerunt
1675 2701 1812 2749 astu

142 2791 263 2841 tam
297 2783 622 2858 pervicaci.
658 2801 687 2834 ›
709 2787 869 2838 Tunc
905 2783 1244 2837 Bernardus
1281 2801 1291 2837 :
1327 2784 1650 2847 «Domine,
1684 2800 1809 2838 me—

141 2880 348 2930 mento
376 2891 513 2945 qua:
549 2873 695 2928 milu
721 2889 979 2944 meoque
1026 2872 1228 2943 nepoti
1283 2873 1657 2943 spopondisti
1690 2891 1703 2939 ;
1758 2876 1813 2927 et

143 2971 204 3019 ut
233 2964 410 3020 decet
438 2968 490 3017 te
529 2962 692 3032 juva,
723 2967 780 3016 et
808 2978 1055 3015 suecure
1097 2961 1196 3014 illi.
1233 2985 1258 3008 »
1325 2964 1447 3014 Dux
1503 2977 1643 3015 vero
1696 2978 1814 3015 res-

1898 461 2066 517 ducis
2101 467 2297 519 tenere
2319 481 2425 536 per
2449 467 2656 521 omnia
2685 469 2959 536 cogebat.
2995 469 3178 525 Urbes
3208 475 3266 526 et
3321 472 3566 529 castella

1900 553 2134 607 munire
2155 553 2404 609 ﬁrmiter
2434 556 2770 625 satagebat,
2803 573 2879 613 ne
2922 558 3075 615 forte
3123 559 3365 617 fortuna
3410 562 3566 618 vices

1901 657 2042 696 suas
2071 641 2326 699 adversa
2351 649 2615 701 verteret.

2544 806 2930 847 APOSTROPHA.

1977 912 2020 965 Ο
2045 910 2200 980 pius,
2233 913 2519 983 prudens,
2552 914 2777 984 bonus,
2808 920 2865 971 et
2895 917 3201 974 modestus
3229 937 3243 984 ;

1979 1000 2184 1069 Fortis,
2208 1006 2262 1055 et
2294 1009 2597 1067 constans,
2629 1005 3016 1078 sapiensque,
3045 1008 3264 1079 justus,

1983 1088 2173 1155 Dives,
2206 1089 2481 1158 insignis,
2514 1093 2923 1167 locuplesque,
2957 1096 3163 1166 solers,

2196 1182 2315 1233 Rex
2349 1181 2682 1248 Haigrolde.

1981 1268 2267 1331 Quamvis
2298 1274 2353 1324 et
2383 1287 2504 1325 non
2537 1272 2615 1325 sis
2645 1273 2964 1329 chrismate
2994 1273 3320 1346 delibutus,

1984 1360 2048 1412 Et
2074 1374 2244 1413 sacro
2269 1359 2633 1431 baptismate
2660 1378 2781 1418 non
2812 1369 3057 1419 renatus
3088 1381 3102 1418 :

1986 1449 2066 1500 En
2094 1447 2246 1512 vale,
2279 1449 2583 1521 salveque,
2614 1455 2670 1506 et
2699 1456 2872 1506 aveto
2906 1468 3144 1524 semper

2198 1541 2260 1591 In
2279 1537 2518 1593 deitate.

1984 1624 2093 1685 Qui
2127 1625 2488 1680 Richardum
2514 1627 2920 1698 percelebrem
2953 1629 3198 1695 tuendo,

1983 1713 2137 1775 Rege
2165 1718 2361 1783 capto,
2391 1715 2892 1787 Francigenisque
2927 1717 3144 1772 stratis.

1986 1800 2193 1855 Praalio
2225 1803 2567 1857 certaminis
2595 1809 2650 1859 et
2680 1810 2922 1876 peracto

2199 1892 2438 1947 Vindice
2460 1893 2692 1950 dextra.

1987 1981 2170 2043 Regni
2201 1982 2474 2037 habenas
2499 2000 2660 2039 nunc
2686 1985 2968 2040 moderas
2997 1990 3289 2057 potenter,

1991 2073 2052 2124 Et
2078 2070 2231 2139 ligas
2260 2077 2510 2128 cunctos
2539 2073 2676 2127 ﬁdei
2712 2079 2912 2128 tenore
2946 2093 2960 2140 ;

1986 2160 2316 2214 Servientes
2344 2167 2409 2216 ut
2431 2161 2790 2217 famalentur
2818 2179 3051 2230 omnes,

2203 2251 2345 2304 Ecce
2379 2250 2680 2305 Ricbardo

1985 2337 2312 2404 Innocenti,
2336 2355 2524 2411 prope
2552 2345 2605 2394 te
2625 2339 2888 2411 pusioni,

1988 2426 2178 2481 Nobili
2203 2429 2609 2500 prosapiaque
2636 2433 2817 2495 creto,

1987 2518 2176 2585 Atque
2201 2515 2434 2570 ﬂorenti
2464 2517 2713 2582 meritis,
2735 2521 2791 2571 et
2820 2533 2953 2572 aevo

2205 2605 2410 2670 Ubere,
2440 2610 2495 2659 et
2525 2605 2708 2660 almo.

1990 2692 2286 2762 Gerberga
2315 2709 2458 2747 vero
2474 2695 2680 2761 regina
2700 2699 2952 2765 paterno
2979 2695 3362 2769 fraternoque
3383 2702 3582 2770 patro-

1919 2782 2074 2837 cinio
2107 2782 2344 2853 penitus
2375 2782 2662 2847 desolata,
2698 2788 2997 2855 tantaeque
3048 2787 3363 2842 anxietatis
3395 2787 3577 2843 detri-

1920 2876 2191 2928 mentum
2220 2887 2526 2944 perpessa,
2552 2873 2893 2944 nulliusque
2925 2874 3234 2930 solaminis
3288 2893 3392 2948 spe
3445 2878 3584 2932 sub—

1917 2962 2080 3026 nixa,
2109 2960 2253 3032 quin
2286 2961 2463 3014 etiam
2492 2960 2705 3014 timens
2736 2962 2985 3032 perdere
3012 2978 3220 3029 regna.
3253 2965 3582 3020 antistitum

140 3053 358 3123 pendit
391 3069 402 3106 :
437 3074 464 3099 (ι
495 3057 831 3122 Antequam
864 3050 1012 3104 liber
1037 3066 1072 3104 a
1104 3050 1392 3104 custodiae
1423 3050 1817 3121 impedimen-
1841 3073 1879 3122 υ
1923 3051 2172 3106 consilio
2219 3049 2387 3120 petiit
2442 3050 2711 3118 Hugonis
2762 3051 2968 3118 magni
3033 3052 3206 3106 ducis
3273 3055 3579 3123 suffragia.

142 3147 200 3198 to
239 3142 868 3211 reddatur,regnoque
899 3139 1162 3194 Francici
1198 3139 1430 3210 imperii
1463 3139 1815 3194 sublimetur

139 3247 242 3285 rex
261 3229 784 3293 Ludovicus,terra
817 3227 1299 3282 Northmannicas
1329 3226 1589 3291 regionis
1612 3228 1816 3298 quieta

142 3324 196 3374 et
219 3319 500 3384 solida,et
529 3317 609 3372 ab
638 3317 934 3388 episcopis
961 3315 1403 3387 comitibusque
1421 3317 1814 3372 etabbatibus

142 3411 528 3464 sacramento
567 3422 723 3460 verae
755 3405 894 3460 tidei
923 3405 1218 3460 Richardo
1277 3410 1379 3460 tuo
1429 3406 1630 3477 nepoti
1683 3421 1818 3460 san-

141 3499 278 3566 cita,
315 3502 374 3575 et
401 3495 753 3552 inconvulse
785 3495 1148 3550 auctorizata
1167 3494 1518 3549 tenebitur.»

212 3640 461 3698 Interim
493 3640 769 3695 luctuosa
800 3639 964 3694 fama
996 3639 1072 3693 ad
1097 3655 1271 3693 aures
1323 3638 1633 3703 Gerbergae
1665 3638 1814 3704 regi-

139 3748 234 3787 nas
270 3729 626 3804 perlabitur,
663 3733 718 3782 et
756 3728 918 3800 quod
980 3732 1189 3799 captus
1230 3732 1387 3782 esset
1425 3744 1548 3794 rex,
1601 3727 1814 3798 bisque

140 3837 370 3876 novem
402 3817 645 3874 comites
674 3817 1032 3888 interempti,
1068 3815 1379 3886 czeterique
1407 3814 1616 3883 fugati,
1669 3833 1814 3870 enu-

140 3909 395 3964 cleatur.
426 3906 652 3974 Regina
683 3922 823 3960 vero
854 3904 1140 3973 lugubres
1193 3903 1349 3968 regis
1406 3902 1496 3957 sui
1541 3904 1816 3974 conjugis

140 4011 522 4068 suorumque
552 3995 918 4050 incessanter
943 4010 1118 4048 casus
1145 3992 1393 4061 deﬂens,
1423 3991 1818 4064 animumque

141 4105 328 4143 suum
382 4084 531 4141 tanti
582 4081 889 4138 infortunii
930 4081 1223 4137 anxietate
1269 4081 1543 4136 atrociter
1591 4085 1821 4136 contor-

141 4194 366 4249 quens,
398 4173 753 4246 nullumque
786 4172 1024 4227 salubre
1061 4172 1172 4226 sibi
1206 4171 1520 4227 consilium
1567 4171 1706 4227 inde
1758 4173 1820 4226 in

140 4270 267 4321 tota
303 4263 560 4319 Francia
607 4261 931 4334 reperiens,
1006 4260 1165 4315 misit
1215 4259 1291 4316 ad
1351 4266 1584 4332 patrem
1643 4277 1821 4314 suum

139 4354 681 4410 Transrhenanum
723 4367 925 4421 regem
958 4349 1273 4404 Henricum
1310 4355 1365 4404 et
1418 4350 1496 4405 ad
1547 4352 1822 4405 Ottonem

140 4444 397 4500 fratrem
427 4458 624 4506 suum,
658 4441 804 4495 ﬂore
831 4438 1166 4512 pubertatis
1219 4438 1494 4505 nitidum,
1521 4439 1823 4494 mandans

139 4531 447 4605 plorabile
480 4530 573 4585 sui
605 4528 944 4584 detrimenti
975 4528 1308 4597 negotium,
1341 4532 1406 4583 ut
1445 4528 1672 4583 adscito
1712 4527 1823 4582 mi-

139 4621 336 4678 litaris
399 4635 623 4675 manus
676 4619 937 4673 exercitu
987 4616 1290 4672 obsideret
1346 4617 1822 4687 Rothomagum;

139 4711 577 4782 redempturus
606 4708 660 4762 vi
687 4712 743 4763 et
766 4709 1056 4780 potestate
1091 4723 1267 4760 suum
1295 4706 1591 4760 seniorem
1622 4721 1824 4774 regem

144 4798 553 4854 Ludovicum.
593 4795 879 4851 Henricus
911 4800 1113 4851 autem
1140 4811 1241 4849 rex
1301 4793 1613 4863 Gerbergae
1671 4792 1825 4862 regi-

144 4905 240 4943 nae
277 4887 421 4942 ﬁliae
456 4901 580 4941 suae
608 4901 728 4940 non
760 4901 822 4940 se
845 4888 1168 4939 venturum
1221 4883 1539 4938 remandat
1592 4882 1671 4938 ob
1723 4882 1827 4937 ob-

147 4978 460 5033 sidionem
493 4975 571 5030 ad
604 4975 1068 5044 Rothomagum,
1099 4971 1242 5045 quia
1272 4971 1484 5026 merito
1542 4976 1598 5026 et
1649 4971 1828 5042 digne

143 5072 338 5138 atque
363 5063 589 5120 ultione
619 5063 720 5119 Dei
749 5079 854 5118 rex
886 5060 1225 5116 Ludovicus
1273 5059 1636 5132 acquisitum
1682 5076 1830 5132 pree-

139 5155 384 5225 judicio
407 5152 747 5226 patiebatur
771 5153 931 5207 hunc
955 5167 1164 5205 casum
1200 5167 1212 5214 ;
1259 5148 1398 5220 quia
1452 5146 1643 5203 ﬁlium
1698 5148 1832 5203 Wil-

141 5243 319 5300 lelmi
343 5242 536 5306 ducis,
570 5243 672 5313 qui
702 5257 812 5314 pro
838 5237 1122 5294 ﬁdelitate
1155 5254 1264 5293 sua
1297 5237 1527 5292 Arnulﬁ
1575 5236 1830 5309 perﬁdia

150 5331 430 5395 occubit,
489 5333 734 5401 captum
787 5328 848 5383 in
906 5326 1183 5382 custodia
1238 5326 1469 5392 tenuit;
1522 5329 1829 5398 totamque

146 5421 481 5493 regionem
522 5417 1077 5481 Northmannicam,
1106 5432 1294 5488 quam
1335 5433 1480 5470 suus
1507 5431 1657 5471 avus
1683 5431 1832 5488 prae-

146 5512 245 5567 liis
281 5507 625 5582 acquisivit,
659 5507 770 5563 sibi
801 5506 1020 5580 injuste
1040 5504 1382 5563 vindicavit.

226 5639 474 5690 Interea
506 5649 607 5688 rex
640 5631 998 5702 Haigroldus
1031 5632 1473 5686 Northmannos
1515 5632 1834 5697 Pagenses—

145 5739 278 5798 que
307 5737 526 5779 omnes
559 5720 640 5776 ad
667 5719 1016 5777 ﬁdelitatem
1047 5717 1324 5776 Richardi
1347 5717 1520 5790 pueri
1573 5716 1836 5772 vicissim

1925 3141 2116 3203 Quam
2150 3139 2321 3205 Hugo
2353 3138 2477 3191 dux
2503 3153 2790 3205 magnus,
2827 3143 2882 3192 et
2911 3138 3228 3211 episcopos
3287 3158 3426 3196 cum
3485 3141 3585 3197 illa

1925 3228 2239 3284 comitatos
2266 3233 2602 3281 reverenter
2633 3227 2914 3299 suscepit,
2940 3234 2999 3282 et
3053 3246 3189 3300 quae
3246 3230 3586 3287 necessaria

1924 3323 2093 3374 erant
2121 3317 2451 3371 honorifice
2482 3316 2868 3380 distribuens,
2899 3333 3103 3372 secum
3135 3319 3350 3374 diebus
3379 3320 3584 3376 multis

1924 3407 2194 3462 detinuit.
2228 3406 2464 3460 Interim
2495 3410 2698 3460 autem
2732 3405 2892 3460 misit
2922 3406 3427 3464 Silvanectensem
3485 3426 3586 3465 co-

1925 3497 2132 3551 mitem
2183 3493 2558 3548 Bernardum
2606 3493 2683 3548 ad
2738 3493 3280 3563 Bothomagensem
3338 3497 3587 3553 militem

1926 3583 2318 3652 Bernardum,
2346 3586 2410 3637 ut
2439 3581 2788 3636 convocatis
2812 3582 3206 3652 optimatibus
3235 3585 3590 3640 Northman—

1923 3673 2041 3728 nici
2071 3669 2299 3726 consilii
2332 3674 2681 3740 properaret
2711 3673 2917 3723 contra
2948 3685 3009 3724 se
3035 3670 3114 3724 ad
3145 3676 3424 3726 sanctum
3477 3672 3590 3727 cle-

1924 3779 2081 3818 rum.
2119 3759 2228 3825 Qui
2250 3759 2426 3830 jussa
2455 3757 2626 3812 citius
2664 3758 2824 3813 dicto
2855 3759 3275 3830 adimplentes,
3296 3764 3591 3816 venerunt

1927 3855 2134 3907 contra
2167 3849 2482 3916 Hugonem
2511 3863 2803 3915 magnum
2831 3847 3071 3916 ducem,
3116 3854 3422 3920 praeeunte
3461 3852 3590 3904 Ber-

1927 3941 2140 4008 nardo,
2173 3938 2249 3993 ad
2274 3937 2629 4009 praedictum
2651 3937 2851 3992 locum
2879 3937 3241 3994 festinanter.
3275 3942 3437 3994 Tunc
3467 3939 3592 3994 dux

1928 4044 2188 4098 magnus
2213 4033 2269 4082 et
2293 4025 2560 4097 episcopi
2586 4025 2865 4080 dixerunt
2895 4027 3318 4083 Northmannis
3341 4047 3353 4083 :
3389 4049 3418 4076 «
3446 4027 3594 4084 Bed-

1928 4119 2047 4174 dite
2074 4121 2348 4171 nostrum
2383 4114 2557 4169 nobis
2587 4113 2882 4169 seniorem
2913 4114 3282 4171 Ludovicum
3309 4131 3533 4184 regem.
3562 4137 3590 4164 »

1929 4214 2002 4264 At
2027 4208 2108 4263 illi
2142 4224 2154 4260 :
2190 4229 2216 4255 ‹‹
2252 4210 2379 4261 Non
2411 4204 2712 4271 reddetur,
2758 4220 2969 4259 verum
3027 4205 3373 4261 tenebitur.»
3432 4209 3594 4261 Tunc

1929 4313 2191 4366 magnus
2242 4298 2456 4362 Hugo:
2504 4316 2532 4341 «
2594 4293 2770 4348 Vobis
2826 4298 3027 4348 autem
3074 4294 3355 4349 dabimus
3401 4293 3594 4349 ﬁlium

1929 4388 2059 4457 ejus
2089 4390 2144 4440 et
2192 4384 2348 4438 duos
2393 4382 2732 4453 episcopos,
2796 4383 3139 4454 tironesque
3194 4383 3414 4437 domus
3469 4399 3593 4438 suae

1929 4491 2083 4547 quos
2107 4475 2372 4544 quotque
2397 4470 2701 4525 volueritis
2717 4485 2826 4540 pro
2842 4485 2934 4535 eo,
2966 4473 3031 4525 ut
3057 4471 3429 4539 Francigenaa
3447 4487 3596 4542 pree-

1931 4564 2090 4619 sules
2122 4559 2514 4629 comitesque,
2547 4563 2604 4613 et
2634 4557 2934 4628 principes
2964 4562 3146 4628 atque
3198 4558 3448 4613 abbates
3499 4575 3598 4615 ve-

1933 4653 2101 4708 niant
2130 4653 2338 4704 contra
2356 4662 2467 4701 vos
2492 4646 2571 4701 ad
2602 4645 2876 4717 praeﬁniti
2928 4647 3214 4716 temporis
3258 4646 3545 4717 placitum
3578 4667 3594 4716 ;

1935 4746 1999 4797 ut
2025 4740 2406 4795 sacramento
2432 4735 2674 4804 integra
2698 4751 2973 4806 verasque
2992 4734 3129 4790 ﬁdei
3154 4741 3371 4791 terram
3388 4737 3598 4792 North-

1935 4828 2230 4886 mannicae
2257 4825 2520 4894 regionis
2575 4823 2940 4880 auctorizent
2977 4828 3033 4880 et
3076 4823 3463 4879 corroborent
3515 4825 3598 4877 at-

1935 4936 2054 4992 que
2085 4916 2361 4972 sauciant
2389 4930 2601 4971 omnes
2630 4914 2924 4969 Richardo
2950 4918 3007 4968 et
3044 4912 3297 4985 posteris
3356 4911 3479 4966 suis
3534 4911 3597 4966 in

1935 5011 2354 5082 perpetuum.»
2378 5005 2502 5060 Hoc
2550 5019 2814 5074 namque
2873 5001 3190 5058 consilium
3238 5001 3597 5056 Northman-

1935 5112 2155 5153 norum
2185 5094 2487 5166 principes
2516 5091 2947 5157 collaudantes,
2977 5091 3121 5147 etin
3154 5090 3418 5159 Hugonis
3473 5105 3600 5146 ma-

1939 5185 2039 5255 gni
2069 5182 2238 5238 ducis
2267 5181 2388 5236 ﬁde
2418 5196 2589 5251 spem
2619 5180 2796 5235 totius
2825 5179 3061 5234 ﬁduciae
3105 5179 3416 5246 habentes,
3470 5179 3602 5234 red-

1937 5273 2217 5327 diderunt
2246 5284 2471 5336 regem,
2503 5267 2695 5322 ﬁlium
2744 5268 2895 5337 ejus,
2950 5268 3228 5340 duosque
3285 5268 3601 5341 episcopos

1939 5360 2265 5416 Hildierum
2298 5357 2737 5425 Belvacensem,
2759 5361 2817 5412 et
2843 5357 3178 5412 Guidonem
3213 5358 3601 5414 Suessionen-

1940 5465 2089 5519 sem,
2113 5452 2170 5502 et
2187 5445 2670 5518 quamplurimos
2694 5445 2909 5501 milites
2936 5461 3048 5518 pro
3100 5462 3169 5502 eo
3229 5446 3599 5519 recipientes.

1940 5537 2113 5606 Hugo
2142 5551 2283 5591 vero
2312 5550 2570 5603 magnus
2594 5533 2842 5590 deduxit
2871 5551 3076 5606 regem
3105 5536 3182 5591 ad
3210 5552 3340 5605 sua,
3369 5540 3433 5590 ut
3458 5549 3603 5590 con-

1943 5623 2338 5694 gratularetur
2364 5639 2503 5678 cum
2535 5622 2659 5676 suis
2683 5626 2740 5677 et
2791 5639 2976 5679 uxore
3033 5641 3160 5679 sua.
3197 5627 3422 5680 Statuto
3464 5637 3603 5676 vero

1943 5711 2174 5770 deﬁniti
2224 5711 2463 5770 termini
2521 5716 2810 5784 tempore,
2868 5713 3062 5771 ascita.
3389 5723 3600 5778 manu,
