3878 6582
433 509 533 564 ’111

156 0 3120 261 1.-

1395 502 1699 560 DUDONIS
1739 501 1996 557 DECANI
2037 500 2092 556 S.
2134 498 2441 565 QUINTINI
2481 502 2865 559 VIROMAND.
3758 512 3818 562 7i:

437 647 577 687 cum
605 630 964 703 praesulibus
998 630 1276 698 Franciae,
1302 628 1462 684 venit
1487 644 1589 683 rex
1620 642 1800 698 super
1822 625 2077 697 ﬂuvium
2113 626 2162 680 Α
2189 625 2507 697 praeclaris,
2540 628 2717 700 coepit
2744 628 3066 700 praedignis
3110 628 3275 684 bona
3329 627 3723 701 operationis
3762 647 3816 684 ce

436 724 596 793 Eptae
650 725 856 776 contra
917 720 1374 785 Northmannos,
1434 734 1571 772 cum
1627 732 1851 786 magno
1928 715 2080 770 duce

436 811 705 879 Hugone.
738 808 1011 880 Licetque
1040 807 1196 862 ﬁlius
1228 823 1392 875 suus,
1427 822 1607 879 quem
1638 822 1747 877 pro
1789 821 1851 859 se
1901 804 2080 859 dede-

436 903 547 964 rat,
581 902 735 953 esset
759 896 1221 964 Rothomagensi
1259 900 1405 950 urbe
1464 899 1752 959 mortuus,
1798 894 2081 949 manibus

437 1002 620 1058 supra
675 984 1045 1058 phylacteria
1107 984 1491 1056 reliquiarum
1541 984 1769 1055 positis,
1824 983 2079 1055 propriis

433 1075 631 1131 verbis
657 1074 790 1130 fecit
845 1074 1221 1129 securitatem
1277 1074 1462 1141 regni,
1515 1072 1679 1145 quod
1743 1089 1887 1126 suus
1933 1088 2080 1126 avus

435 1162 601 1218 Rollo
632 1162 686 1217 vi
717 1178 787 1217 ac
810 1166 1119 1234 potestate,
1153 1160 1333 1215 armis
1363 1166 1418 1216 et
1467 1160 1683 1233 praeliis
1715 1160 1824 1215 sibi
1882 1159 2083 1231 acqui-

437 1251 585 1307 sivit.
618 1256 748 1323 lpse
779 1256 835 1306 et
855 1266 1063 1305 omnes
1093 1249 1375 1321 episcopi,
1432 1249 1676 1304 comites
1732 1253 1788 1304 et
1835 1248 2082 1303 abbates

437 1339 770 1408 reverendi,
802 1338 1220 1411 principesque
1266 1338 1525 1392 Franciae
1569 1338 1735 1405 regni
1789 1335 2080 1391 Richardo

435 1444 625 1500 puero
652 1427 971 1495 innocenti,
1000 1432 1063 1481 ut
1090 1431 1281 1481 teneat
1307 1432 1362 1480 et
1412 1427 1732 1498 possideat,
1789 1431 1846 1482 et
1900 1426 2078 1481 nullis

435 1517 549 1572 nisi
582 1519 698 1571 Deo
722 1516 1023 1571 servitium
1052 1515 1178 1586 ipse
1210 1520 1266 1569 et
1295 1516 1589 1570 successio
1646 1516 1776 1585 ejus
1832 1516 2077 1579 reddat;

435 1606 573 1661 etsi
615 1604 750 1677 quis
812 1620 1102 1676 perversae
1149 1603 1474 1658 invasionis
1530 1603 1819 1659 rixatione
1876 1608 2082 1659 contra

432 1709 571 1750 eum
627 1692 929 1761 congredi,
977 1691 1071 1747 vel
1148 1691 1399 1762 alicujus
1455 1692 1758 1747 rixationis
1802 1708 2080 1761 congres-

436 1783 599 1838 sione
628 1783 907 1838 invadere
937 1796 1190 1849 regnum
1224 1780 1496 1835 maluerit
1529 1799 1541 1847 ;
1592 1780 1918 1836 ﬁdissimus
1972 1781 2079 1835 ad-

431 1872 593 1943 jutor
618 1872 679 1926 in
721 1870 887 1926 omni
940 1870 1203 1925 adversae
1259 1870 1781 1941 inopportunitatis
1830 1869 2080 1925 necessi-

2190 729 2431 771 ruscare
2459 716 2744 772 divinitus
2775 717 2966 773 factis.
2999 718 3234 774 Emula
3288 718 3619 773 virtutum
3666 733 3815 790 prop;

2187 802 2371 858 nebat
2396 803 2665 873 largiﬂue
2696 806 2946 877 praemia
2976 806 3229 871 cunctis,
3279 804 3757 877 monachosque
3792 823 3814 857 ελ

2189 890 2449 959 clericos,
2484 899 2662 966 atque
2690 895 2873 950 laicos
2899 896 3156 965 cogebat
3209 895 3602 951 incumbere
3632 894 3817 950 famula—

2187 979 2343 1034 tibus
2372 982 2609 1037 divinis.
2644 983 2898 1039 Moribus
2928 988 3129 1039 autem
3146 989 3203 1039 et
3257 983 3508 1038 meritis
3569 982 3813 1055 splendid:

2186 1066 2452 1136 fulgebat
2481 1072 2717 1143 opimis,
2744 1073 2959 1145 istique
3009 1073 3235 1128 clerum
3280 1089 3354 1128 ac
3384 1073 3708 1145 populum
3731 1080 3818 1127 stre-

2186 1173 2303 1212 nue
2332 1160 2684 1216 moderabat
2710 1161 2982 1216 habenis.
3017 1162 3243 1217 Vindex
3271 1166 3499 1217 autem
3536 1168 3669 1217 erat
3715 1180 3815 1216 sere

2186 1261 2288 1300 rus
2311 1248 2621 1314 scelerum,
2647 1249 3081 1322 largiﬂuusque
3109 1250 3521 1322 dispensator
3554 1250 3817 1306 bonorum

2191 1334 2513 1406 Sylvestres
2544 1354 2806 1410 namque
2837 1339 3025 1411 dapes
3054 1339 3268 1409 ingens
3290 1338 3701 1395 diversarum
3729 1341 3815 1393 fert:-

2188 1437 2321 1476 rum
2348 1424 2520 1496 copia
2550 1426 2925 1481 ministrabat
2967 1427 3069 1493 illi,
3125 1428 3272 1500 quia
3323 1434 3486 1500 post
3549 1427 3817 1497 legitimae

2182 1507 2392 1578 judicii
2416 1513 2776 1585 justitireque
2808 1514 3269 1583 discussionem,
3288 1516 3604 1572 tradebat
3625 1533 3682 1571 se
3701 1533 3818 1570 vena-

2185 1598 2292 1653 tui.
2327 1600 2543 1655 Meritis
2572 1608 2804 1658 mactus
2832 1604 3207 1659 successibus
3246 1605 3598 1660 crescebat
3651 1606 3813 1660 adoles

2190 1702 2348 1752 cens,
2383 1688 2805 1759 pullulantium
2846 1691 3127 1747 virtutum
3181 1694 3682 1763 exaggeratione
3734 1695 3815 1747 viti;

2191 1775 2779 1835 abolens.Tendebat
2827 1781 3013 1837 solers
3067 1799 3437 1855 sequaxque
3496 1783 3816 1855 perfection;

2193 1864 2271 1919 ad
2300 1882 2606 1922 summum
2635 1869 2937 1940 bonitatis,
2968 1877 3033 1926 ut
3068 1871 3265 1944 quiret
3301 1872 3623 1940 gratulari
3674 1872 3817 1926 future

434 1964 551 2016 tate
569 1977 675 2033 per
702 1960 907 2017 omnia
933 1959 1233 2015 exstiterit.
1269 1959 1371 2013 His
1399 1959 1587 2013 taliter
1613 1959 1888 2026 legitimae
1942 1960 2083 2014 deti-
2112 1966 2150 2018 Β
2195 1956 2419 2026 requiei
2452 1962 2716 2029 tempore
2743 1975 2878 2013 cum
2914 1960 3150 2015 sanctis.
3184 1962 3265 2014 Eo
3284 1976 3588 2032 namque
3620 1965 3812 2029 tempus

434 2050 674 2106 nitionis
730 2048 1014 2105 facundia
1074 2047 1498 2113 determinatis,
1567 2064 1705 2117 rege
1783 2049 2081 2104 Ludovico

435 2143 687 2206 astante,
718 2139 1087 2210 Hugoneque
1120 2152 1343 2205 magno
1375 2137 1525 2191 duce
1557 2142 1612 2192 et
1642 2137 1785 2203 suis,
1807 2153 2083 2209 proceres

435 2227 744 2283 Britonum
826 2230 883 2282 et
957 2225 1272 2297 optimates
1331 2225 1719 2279 Northmanni
1791 2226 2082 2280 Richardo

434 2332 623 2388 puero
650 2315 965 2372 ineﬂ‘abilis
983 2313 1293 2386 probitatis
1315 2313 1436 2367 vice
1461 2314 1656 2368 cordis
1688 2315 1968 2369 manibus
2020 2315 2083 2369 11-

434 2405 780 2461 bentissime
806 2403 981 2471 datis,
1014 2407 1389 2457 sacramento
1446 2402 1749 2456 ﬁdiSsimae
1807 2404 2079 2458 Christia-

437 2511 527 2551 nae
554 2493 883 2548 securitatis
909 2492 1172 2546 fecerunt
1212 2490 1424 2545 iterum
1474 2491 1654 2546 tidem
1694 2492 2078 2563 militationis,

439 2580 760 2653 auxiliique
789 2585 845 2635 et
901 2579 1132 2635 servitii.
1194 2581 1353 2633 Tunc
1402 2579 1845 2635 Northmannici
1875 2585 1929 2635 et
1964 2580 2078 2635 Bri-

437 2674 605 2726 tones
635 2668 994 2725 Richardum
1022 2666 1169 2722 tanti
1222 2666 1488 2733 honoris,
1539 2672 1835 2739 tantaeque
1886 2669 2079 2736 digni-

434 2759 589 2825 tatis,
644 2762 941 2828 tantaaque
992 2755 1205 2828 speciei
1262 2772 1514 2827 puerum
1559 2756 1938 2812 adduxerunt
1998 2759 2081 2812 ni—

434 2848 623 2904 mium
655 2846 982 2916 gaudentes
1000 2845 1612 2913 Rothomagum.Cum
1637 2850 1835 2900 autem
1863 2847 2080 2900 utrius-

422 2951 551 3009 que
580 2951 758 2990 sexus
785 2949 978 2999 senes,
1011 2933 1402 3003 juvenesque,
1454 2933 1643 3004 pueri,
1702 2939 1757 2989 et
1800 2934 2076 3001 infantes,

433 3025 581 3081 urbe
610 3023 1017 3095 territorioque
1047 3022 1233 3095 ipsius
1257 3022 1398 3093 pagi
1429 3030 1892 3089 commorantes,
1921 3042 2078 3080 com-

433 3113 729 3186 perissent
752 3111 915 3183 quod
948 3110 1275 3165 Richardus
1305 3109 1654 3166 desideratze
1670 3112 1916 3167 visionis
1932 3131 2081 3185 puer

436 3200 807 3267 acceleraret,
841 3197 1145 3253 frendente
1173 3197 1353 3267 vulgo
1395 3199 1627 3270 passim
1665 3216 1787 3271 prae
1838 3202 2076 3268 gaudio,

2192 2051 2315 2100 erat
2370 2046 2620 2117 quidam
2670 2047 3043 2120 Rodulphus,
3103 2050 3279 2119 cujus
3336 2065 3673 2118 agnomen
3709 2052 3815 2103 Ter:

2188 2134 2536 2203 vocabatur,
2569 2136 2670 2206 qui
2692 2136 2869 2191 totius
2897 2136 3349 2193 Northmanniae
3400 2137 3712 2193 honorem
3740 2150 3815 2206 pos“

2189 2228 2439 2278 mortem
2462 2223 2730 2279 Willelmi
2770 2225 2943 2280 altius
3002 2225 3228 2281 caeteris
3286 2226 3709 2298 comparibus
3757 2224 3817 2277 sill

2185 2310 2547 2376 vindicabat,
2578 2316 2634 2366 et
2672 2328 2765 2367 res
2795 2312 3081 2368 dominici
3134 2313 3292 2383 juris
3349 2313 3718 2368 indecenter

2188 2399 2537 2471 usurpabat.
2575 2401 2971 2457 Distribuebat
2992 2418 3377 2474 unoquoque
3410 2402 3527 2457 die
3591 2396 3813 2457 Richard

2187 2486 2419 2543 decenti
2449 2505 2635 2560 puero
2662 2506 2799 2545 cum
2831 2489 2953 2545 suis
2984 2490 3280 2546 tironibus
3333 2489 3553 2545 diaria
3585 2501 3815 2562 propexis,

2187 2574 2445 2631 denariis
2474 2577 2566 2631 bis
2612 2583 2698 2633 ter
2726 2578 2933 2633 tribus.
2966 2577 3553 2650 Aﬂligebanturque
3600 2578 3725 2647 ejus
3764 2571 3815 2625 de

2187 2664 2437 2732 migenae
2464 2666 2715 2738 penuria
2753 2666 3052 2722 constricti
3080 2665 3365 2738 nequiter
3391 2670 3461 2722 et
3519 2666 3705 2722 fame.
3734 2666 3813 2725 Qua

2188 2758 2429 2823 propter
2481 2753 2809 2809 Richardus
2875 2754 3167 2809 industris
3226 2754 3517 2810 scientias
3591 2750 3812 2825 ephebu~

2188 2839 2381 2894 ascitis
2412 2841 2670 2909 regionis
2702 2841 3148 2897 Nortbmannim
3174 2841 3614 2914 principibus,
3637 2838 3769 2913 quid
3787 2836 3815 2886 ἐ

2186 2926 2391 2999 inopia
2419 2930 2668 2984 modicae
2699 2930 3138 2986 distributionis
3170 2936 3407 3000 ageret,
3441 2932 3533 2987 ab
3569 2932 3657 2988 eis
3686 2926 3810 2981 scissi

2188 3020 2360 3072 tatur.
2391 3019 2687 3090 Principes
2720 3035 2878 3089 vero,
2907 3019 3051 3091 quia
3080 3019 3163 3075 illi
3194 3027 3616 3077 sacramento
3649 3022 3817 3072 veran

2186 3105 2279 3159 dei
2308 3106 2587 3176 colligati,
2619 3113 2675 3162 et
2702 3107 2991 3180 aliquanti
3014 3107 3327 3163 beneficiis
3358 3111 3508 3180 ejus
3528 3105 3807 3166 muniﬁca:

2186 3195 2607 3251 nuntiaverunt
2634 3196 2886 3251 Rodulfo
2912 3196 3239 3263 agnomine
3270 3200 3484 3253 Tortae
3536 3194 3814 3255 animosit-

434 3288 812 3358 irruenteque
842 3285 1143 3357 profusius
1200 3301 1378 3357 super
1432 3286 1669 3357 plebem
1722 3287 1917 3359 plebe,
1970 3306 2079 3361 pro
2108 3310 2148 3364 ρ
2185 3288 2304 3340 tem
2330 3285 2635 3339 irascentis
2682 3284 2949 3340 senioris.
3006 3284 3103 3339 Ille
3160 3290 3374 3341 autem
3427 3288 3813 3344 commilitoar

435 3379 799 3448 recuperatae
844 3373 1049 3428 salutis
1107 3373 1338 3440 solatio,
1387 3374 1813 3446 comprimente
1868 3376 2078 3444 feriter,

436 3463 625 3522 turbis
646 3459 1181 3518 innumerabilibus
1213 3461 1603 3531 exaggeratis,
1654 3462 1942 3535 populum
1976 3480 2083 3536 po-

438 3549 974 3627 pulo,festinabant
1003 3565 1268 3615 currere;
1292 3549 1423 3604 licet
1439 3566 1559 3605 non
1581 3551 1840 3607 valerent
1863 3558 2083 3610 mutua:

439 3645 922 3711 coacervataeque
949 3637 1355 3710 oppressionis
1406 3640 1711 3711 praepediti
1751 3640 2082 3709 obstaculo,

439 3729 680 3787 obviam
708 3728 790 3783 ire
816 3725 1095 3782 almifluae
1124 3725 1541 3798 mellifluaaque
1566 3727 1919 3784 innocentia:
1945 3747 2087 3802 pue-

437 3834 524 3874 ro.
560 3816 758 3874 Clerus
791 3814 967 3870 totius
1000 3814 1282 3883 regionis,
1314 3814 1493 3869 rebus
1539 3817 1881 3871 monasticis
1938 3833 2085 3889 prae-

436 3907 681 3980 paratis,
710 3904 810 3960 vix
864 3908 1105 3975 propter
1155 3902 1445 3975 impetum
1493 3904 1873 3960 tumultuosae
1930 3907 2084 3962 mul-

438 3994 703 4052 titudinis
767 3997 933 4049 extra
989 3992 1337 4047 suburbana
1402 3993 1893 4057 Rothomagensis
1924 3996 2086 4051 urbis

439 4083 669 4149 exsiliit,
728 4081 1200 4151 collaudansque
1262 4084 1443 4136 Deum
1499 4082 1769 4137 recidivae
1826 4085 2084 4156 tripudio

437 4169 647 4242 prolis,
700 4167 1013 4240 ferensque
1070 4184 1322 4240 corpora
1356 4173 1700 4224 sanctorum
1754 4171 1814 4226 in
1835 4172 2082 4242 feretris,

440 4256 686 4313 deduxit
715 4273 852 4312 eum
909 4256 987 4311 ad
1035 4256 1217 4312 altare
1266 4271 1462 4328 usque
1503 4262 1721 4312 sanctae
1772 4259 1870 4314 Dei
1920 4261 2084 4329 geni-

438 4346 616 4404 tricis.

1074 4483 1457 4523 APOSTROPHA.

580 4610 729 4666 Urbs
755 4609 1077 4678 luculenta,
1101 4607 1331 4664 micans
1370 4608 1549 4665 milite
1590 4626 1781 4676 sacro,

580 4702 1060 4770 Cunctorumque
1088 4697 1387 4753 bonorum
1416 4699 1595 4755 ubere
1623 4700 1820 4771 plena,

579 4786 925 4860 Tranquilla
952 4786 1216 4842 residens
1237 4786 1418 4843 effera
1438 4792 1666 4859 portus,

579 4878 622 4933 Ο
653 4878 1041 4947 Rothomage,
1072 4892 1219 4950 cape
1241 4881 1481 4949 perpete
1510 4876 1646 4933 laeta

582 4966 783 5022 Divino
813 4966 1094 5022 reducem
1121 4968 1358 5020 nectare
1389 4965 1657 5036 plenum,

577 5053 1012 5125 Patriciumque
1037 5053 1255 5108 ducem
1280 5053 1413 5121 jure
1441 5054 1762 5122 potentem.

578 5142 852 5198 Miriﬁcus
879 5140 1172 5213 quoniam
1200 5140 1296 5194 hic
1328 5137 1762 5211 almiﬁcusque,

577 5229 882 5287 Melliﬂuus
911 5226 1133 5299 pariter
1161 5226 1305 5290 dux,
1331 5240 1551 5291 comes,
1590 5232 1767 5299 atque

578 5317 862 5374 Patricius
886 5314 990 5370 tibi
1021 5313 1147 5378 erit,
1176 5311 1445 5367 marchio
1472 5319 1772 5375 constans.

580 5408 646 5461 Et
673 5405 845 5474 cujus
874 5402 1101 5457 fament
1127 5398 1270 5454 olim
1300 5399 1663 5459 redolentem

578 5497 810 5561 Augere
836 5503 1140 5560 propenso
1160 5492 1251 5543 sat
1274 5488 1657 5559 probitatum.

579 5584 845 5647 Quatuor
864 5582 1189 5646 agnoscent
1218 5576 1455 5635 climata
1484 5581 1690 5647 cosmi,

581 5665 848 5724 Sanctior
877 5664 1154 5721 exstiterit
1181 5681 1360 5722 nemo
1384 5669 1546 5740 quod
1572 5668 1727 5741 ipso,

474 5832 483 5833 ί
580 5759 646 5812 111
675 5754 852 5823 facto,
885 5752 1060 5824 dicto,
1091 5755 1236 5828 quin
1276 5756 1582 5813 meditatu.

578 5847 781 5899 Exstat
808 5852 949 5898 nam
978 5843 1036 5898 in
1071 5844 1257 5900 tribus
1284 5845 1373 5900 his
1400 5861 1639 5901 summa
1676 5847 1895 5916 negoti.

506 5933 667 5992 Illico
696 5929 1043 5990 satellitibus
1062 5931 1429 6004 constipatus
1491 5932 1972 6003 prudentissimis
2018 5948 2081 6003 et

2189 3391 2329 3429 suos
2356 3374 2581 3429 remisit
2599 3373 2673 3428 ad
2704 3373 3061 3429 Richardum
3099 3376 3541 3443 sagacissimae
3580 3378 3814 3451 probus:

2188 3478 2464 3534 puerum,
2497 3461 2830 3533 deprecans
2857 3467 2921 3517 ut
2942 3461 3143 3517 liceret
3169 3464 3383 3520 venire
3412 3482 3486 3521 se
3523 3472 3674 3523 ante
3702 3464 3811 3519 illa:

2190 3555 2245 3605 et
2273 3551 2510 3622 expiare
2538 3567 2598 3605 se
2627 3551 2720 3605 his
2741 3551 2964 3622 quibus
2987 3551 3330 3608 offenderat
3360 3570 3553 3612 eum.
3585 3559 3747 3612 ‘l‘unc
3768 3570 3815 3607 ω

2189 3638 2453 3694 morialis
2483 3654 2652 3710 puer,
2682 3639 2959 3711 expensis
3010 3639 3249 3695 illorum
3305 3645 3751 3713 petitionibus.
3786 3658 3813 3693 ῖς

2190 3726 2506 3799 spondisse
2535 3727 2717 3783 fertur
2747 3745 2759 3782 :
2789 3751 2817 3777 «
2838 3728 3004 3785 Scitis
3018 3746 3223 3785 meum
3249 3747 3458 3789 avum
3485 3735 3666 3791 hanc
3686 3732 3815 3789 urbe;

2190 3816 2407 3889 przeliis
2427 3816 2761 3872 vindicasse
2784 3817 2952 3872 sibi.»
2976 3819 3501 3891 Responderunt:
3537 3848 3569 3874 ‹‹
3608 3826 3807 3882 Seium

2192 3908 2258 3960 Et
2277 3904 2371 3959 ille
2406 3922 2418 3959 :
2446 3928 2473 3954 «
2504 3909 2742 3962 Meusne
2762 3911 2934 3979 pater
2954 3912 3110 3963 sorte
3134 3910 3557 3970 haereditaria
3590 3915 3747 3970 hanc
3784 3924 3813 3962 ις

2191 3994 2330 4049 bem
2356 3994 2543 4051 tenuit
2569 3995 2596 4050 ?
2636 3999 2841 4051 Nonne
2856 4000 2994 4069 post
3024 3997 3115 4051 avi
3134 3998 3472 4072 patrisque
3508 4020 3735 4060 necem
3760 4016 3815 4071 p7

2193 4082 2381 4138 sidere
2416 4083 2549 4153 jure
2600 4084 2977 4141 haereditario
3029 4084 3227 4141 debeo
3254 4087 3283 4143 ‘2
3341 4090 3578 4149 Videte
3636 4093 3687 4148 si
3730 4096 3803 4163 pii

2191 4172 2338 4242 ejus,
2369 4176 2473 4227 aut
2502 4188 2672 4239 avus,
2703 4177 2807 4229 aut
2832 4189 3118 4245 proavus,
3149 4175 3319 4232 hanc
3354 4179 3607 4238 urbem
3638 4188 3706 4238 ut
3750 4190 3811 4233 te;

2191 4261 2373 4316 tenuit
2407 4280 2420 4328 ;
2453 4266 2509 4317 et
2536 4261 2838 4318 rimamini
2870 4263 3042 4334 cujus
3061 4268 3150 4320 est
3167 4267 3670 4341 prejudicium,
3702 4284 3813 4325 me;

2190 4366 2267 4405 an
2299 4366 2536 4405 suum.»
2570 4349 2682 4406 [llis
2714 4354 2916 4407 autem
2948 4368 3129 4425 super
3153 4352 3396 4411 talibus
3435 4358 3641 4416 dictis
3673 4366 3818 4429 stupe:

2188 4437 2385 4503 dibus,
2437 4437 2820 4494 subintulisse
2876 4444 3048 4495 caute
3100 4440 3375 4500 dicitur:
3447 4469 3479 4495 ‹‹
3512 4448 3581 4503 Si
3638 4452 3803 4504 nostr-

2189 4526 2441 4595 gratiam
2468 4525 2591 4581 vult
2628 4527 2955 4598 promereri
2975 4527 3304 4597 ullatenus,
3339 4540 3545 4592 exeat
3594 4553 3637 4592 a
3683 4538 3817 4591 civit:

2189 4615 2546 4686 quantocius
2574 4615 2699 4687 ipse
2730 4619 2785 4671 et
2813 4615 3011 4671 omnis
3038 4616 3275 4674 familia
3317 4622 3470 4691 ejus
3510 4643 3527 4691 ;
3602 4631 3665 4681 et
3719 4638 3813 4679 na:

2190 4706 2285 4758 tur
2314 4702 2374 4757 in
2405 4702 2544 4757 villa
2572 4719 2694 4759 uno
2724 4703 2999 4759 milliario
3031 4704 3110 4759 ab
3148 4706 3308 4762 urbe
3345 4726 3763 4783 segregatus.

2190 4805 2300 4845 nec
2324 4790 2552 4859 legatos
2581 4807 2722 4846 suos
2747 4791 2895 4847 mihi
2924 4791 3139 4862 mittat,
3162 4798 3221 4849 et
3248 4796 3416 4868 quid
3445 4800 3547 4857 illi
3582 4815 3815 4858 remeat:

2188 4894 2331 4934 vero
2361 4878 2585 4958 audiat.
2620 4879 2794 4945 Quod
2838 4880 2889 4935 si
2938 4879 3416 4955 ﬂoccipenderit
3458 4897 3721 4949 nostrae
3773 4906 3817 4961 ξῖ

2191 4966 2479 5038 ceptionis
2518 4967 2854 5035 consilium,
2910 4983 3022 5024 nos
3072 4968 3467 5032 abdicamus
3528 4982 3805 5037 omnim-3

2190 5071 2327 5111 eum
2364 5073 2377 5123 ;
2410 5060 2466 5111 et
2495 5056 2797 5112 mittemus
2826 5057 2907 5113 ad
2945 5058 3385 5131 Francigenas,
3412 5073 3497 5125 ut
3554 5087 3757 5145 super
3793 5068 3818 5120 1

2190 5145 2430 5214 negotio
2459 5145 2603 5200 dent
2630 5145 2805 5201 nobis
2835 5146 3074 5203 salubre
3132 5152 3512 5213 consilium.
3554 5186 3590 5209 ι,
3658 5162 3743 5217 1m
3780 5175 3817 5203 ττι

2191 5250 2326 5305 quae
2358 5234 2672 5289 audierant
2694 5234 2952 5291 Rodulfo
2976 5239 3163 5292 Tortae
3185 5246 3777 5306 renuntiaverunt-
3808 5248 3818 5298 ἱ

2189 5339 2332 5379 vero
2370 5323 2711 5393 egressione
2760 5342 2869 5381 sua
2926 5342 3312 5401 suorumque
3369 5343 3650 5406 putans
3708 5341 3811 5414 pl:

2192 5412 2488 5467 seniorem
2538 5429 2762 5478 suum;
2807 5412 2957 5484 quin
3008 5414 3192 5470 etiam
3264 5417 3674 5485 formidans
3709 5412 3817 5482 vss;

2189 5503 2508 5553 venturum
2540 5498 2836 5554 Francicie
2869 5500 3061 5567 gentis
3109 5488 3498 5581 exercitum,

2191 5601 2330 5641 cum
2355 5586 2520 5641 omni
2549 5586 2774 5642 familia
2803 5602 2839 5641 a
2860 5587 3116 5655 civitate,
3164 5601 3471 5653 moratus
3502 5608 3627 5660 est
3688 5607 3751 5660 in
3792 5617 3811 5669 ῑ

2189 5675 2260 5732 tis
2288 5676 2668 5732 rusticorum.
2732 5676 2972 5731 Interim
3044 5678 3402 5741 Richardus
3462 5693 3699 5751 tanta;
3746 5698 3817 5749 i1?“

2188 5766 2311 5823 trite
2341 5780 2491 5839 puer
2512 5763 2830 5821 conﬁrmat
2856 5765 2969 5821 sibi
2992 5777 3399 5830 sacramento
3430 5794 3639 5839 verse
3670 5785 3795 5839 ﬁde

2185 5857 2310 5914 vios
2342 5853 2578 5923 milites,
2609 5854 2884 5909 sanciens
2914 5856 3158 5913 vinculo
3188 5859 3541 5924 fidelitatis
3614 5878 3793 5931 etiam

2186 5948 2302 6010 tius
2332 5940 2500 6000 urbis
2525 5942 2817 5999 concives.
2847 5946 3123 6003 Insecuta
3151 5961 3453 6025 namque
3499 5960 3665 6031 die,
3734 5968 3811 6019 3.3.
