3968 6374
109 257 213 308 ’713

593 254 682 308 DE
723 254 962 308 GESTIS
1001 253 1430 308 NORMANNIE
1469 252 1710 307 DUCUM
1752 249 1934 305 LIBRI
1973 252 2168 308 TRES.
2211 284 2279 292 —
2318 253 2452 310 LIB.
2497 255 2585 310 III.
2632 254 3061 312 RICHARDUS.

3443 266 3548 316 ’714

107 377 203 432 fus
223 380 397 432 Torta
420 375 622 448 plures
651 376 1128 431 commilitonum
1160 377 1238 430 ad
1263 380 1437 430 tantae
1467 375 1626 430 misit
1650 391 1774 430 [110⁴
1812 378 1858 429 Α
1892 375 2184 444 tentionis,
2217 377 2462 449 cupiens
2507 385 2562 434 et
2605 379 2958 435 desiderans
2991 381 3178 438 ﬁliam
3210 399 3384 439 suam
3414 401 3551 441 con-

106 464 310 519 destize
343 481 621 536 puerum,
661 470 718 518 ut
757 465 1117 535 permitteret
1167 481 1226 518 se
1269 464 1342 518 ad
1372 463 1774 534 judicandum

108 559 165 609 et
209 553 289 609 ad
316 553 773 624 justiticandum
804 554 1002 609 venire
1047 559 1180 609 ante
1214 553 1402 620 illum,
1437 553 1778 624 recipiendo

105 642 330 715 pignus
364 642 716 697 offensionis
745 643 1038 697 debitum.
1061 643 1228 698 Tunc
1260 659 1410 715 puer
1442 647 1779 714 przecautus

107 736 339 800 arguta:
387 732 604 786 mentis
663 732 1039 786 animositate
1098 737 1480 787 commotus:
1535 731 1778 796 «Scitis,

107 818 322 890 inquit,
351 821 496 893 quia
525 821 864 876 inauditum
899 822 1318 893 przejudicium
1352 822 1496 876 mihi
1523 822 1665 877 olim
1700 821 1781 875 fe-

109 907 288 963 cit?»
335 910 823 980 Responderunt:
880 911 1236 966 «Scimus.»
1278 944 1346 950 —
1389 934 1415 958 ‹‹
1447 915 1650 966 Nonne
1697 915 1781 964 te-

109 997 384 1053 meritate
416 1015 538 1053 suae
571 999 839 1054 audaciae
867 999 1066 1054 adhuc
1091 1000 1270 1054 facit?
1321 1003 1490 1055 Prata
1533 999 1781 1054 rustico-

108 1102 248 1141 rum
293 1103 569 1142 meorum
613 1088 865 1142 falcibus
899 1089 1108 1156 tondit,
1141 1089 1311 1160 equis
1339 1089 1631 1162 depascit,
1665 1089 1783 1144 cal-

111 1174 285 1229 cibus
317 1178 586 1242 conterit,
620 1194 836 1232 vaccas
886 1183 942 1232 et
971 1178 1206 1245 arietes,
1239 1183 1443 1233 tauros
1477 1184 1532 1234 et
1563 1195 1781 1249 porcos

111 1263 332 1319 occidit
379 1271 435 1320 et
475 1266 752 1321 comedit.
792 1269 847 1322 Si
881 1283 1002 1321 non
1033 1267 1374 1322 discesserit
1405 1284 1440 1322 a
1466 1268 1684 1322 nostris
1713 1269 1782 1322 ti-

110 1352 294 1408 nibus
344 1355 794 1423 exterminatus,
828 1357 1090 1410 incurret
1136 1356 1408 1410 debitum
1451 1356 1783 1428 perieulum

109 1441 398 1496 velocius.
435 1443 604 1508 Quod
634 1443 902 1498 suasistis
934 1460 1124 1516 usque
1157 1445 1361 1513 modo,
1389 1445 1471 1500 illi
1501 1451 1557 1500 et
1585 1447 1784 1500 adhuc

110 1532 380 1588 suadetis
406 1552 418 1588 :
454 1534 559 1588 sed
585 1549 976 1606 nequaquam
1003 1535 1084 1588 illi
1115 1535 1396 1606 proderit.
1422 1560 1448 1584 ››
1474 1535 1555 1590 1111
1583 1542 1784 1591 autem

112 1637 301 1692 super
343 1622 564 1677 talibus
603 1623 774 1677 dictis
823 1624 1211 1690 admirantes,
1245 1625 1585 1680 ceciderunt
1617 1626 1675 1680 in
1704 1626 1786 1681 fa-

1882 463 2133 533 jungere
2165 466 2455 522 Richardo
2479 468 2618 522 duci
2650 469 2867 540 copula
2889 469 3122 524 fiederis
3145 473 3546 528 connubialis.

1887 553 2054 607 Tunc
2103 560 2347 626 uterque
2416 557 2783 612 Bernartius:
2843 559 3223 631 «Nescimus,
3282 561 3548 630 domine,

1887 658 2067 713 super
2110 643 2222 697 hoc
2272 644 2473 699 rimari
2522 645 2858 712 consilium,
2903 648 3010 702 sed
3064 653 3162 704 tua
3210 649 3425 722 pietate
3473 652 3554 707 da

1888 745 2245 802 prosperum
2276 732 2456 802 hujus
2488 733 2839 790 invectionis
2886 736 3192 793 solatium.
3227 739 3554 812 Hucusque

1889 824 1991 874 tuo
2023 821 2273 876 consilio
2303 838 2613 894 prospero,
2646 825 2785 879 recti
2818 825 3039 880 itineris
3087 827 3300 883 callem
3349 834 3553 886 tenen-

1891 915 1973 963 tes
2009 910 2337 978 gradimur,
2371 911 2589 966 abhinc
2621 913 2849 985 obliqui
2877 915 3102 970 itineris
3130 917 3421 987 ambages
3449 936 3553 990 pe-

1889 997 2049 1053 nitus
2097 998 2474 1064 abdicantes;
2527 1007 2577 1056 te
2628 1002 2779 1056 duce
2836 1003 3154 1073 advocato,
3188 1006 3335 1078 quin
3374 1008 3554 1063 etiam

1892 1087 2252 1155 consiliario,
2288 1088 2448 1143 salva
2480 1089 2596 1144 fide
2627 1107 2815 1162 quam
2862 1091 3154 1148 Richardo
3194 1095 3395 1150 comiti
3422 1097 3557 1151 feci-

1892 1192 2046 1241 mus,
2082 1178 2445 1244 gradiemur.
2474 1199 2503 1230 ›
2559 1180 2730 1248 Hugo
2759 1197 2900 1235 vero
2931 1183 3139 1238 secreti
3170 1184 3262 1239 sui
3290 1184 3552 1242 benevo-

1890 1261 2017 1317 lum
2041 1265 2219 1336 crepit
2243 1267 2506 1338 pandere
2530 1270 2925 1340 propositum.
2950 1271 3336 1343 «Requisistis
3354 1273 3553 1329 adhuc

1892 1351 2184 1408 Richardo
2216 1354 2354 1410 duci
2389 1358 2938 1414 Northmannorum
2964 1376 3214 1415 uxorem
3241 1361 3556 1434 voluptuo-

1892 1457 1972 1494 sa:
2004 1442 2360 1499 humanitati
2386 1451 2442 1500 et
2471 1445 2744 1515 dignitati
2774 1448 2903 1518 ejus
2934 1464 3265 1518 congruam
3296 1455 3352 1505 et
3380 1451 3553 1506 habi-

1891 1529 2112 1584 lem?»
2179 1535 2672 1605 Responderunt:
2731 1541 3250 1610 «Nequaquam.»
3307 1543 3372 1595 Et
3418 1540 3550 1595 ille:

1893 1641 1920 1666 «
1951 1621 2248 1684 Quorsum
2277 1623 2670 1680 intentionem
2701 1627 2876 1681 vestri
2920 1628 3149 1682 consilii
3189 1629 3433 1698 vertitis,
3466 1629 3557 1685 vel

112 1711 242 1766 cien
277 1727 474 1777 suam,
509 1712 810 1767 dicentes:
847 1736 872 1760 ‹‹
900 1714 1168 1781 Domine,
1202 1729 1521 1785 precamur
1563 1732 1637 1770 ne
1668 1715 1783 1770 ira-
1823 1729 1863 1782 Β
1893 1709 2211 1778 cujuslibet
2261 1712 2449 1767 tiliam
2503 1713 2584 1768 illi
2640 1715 3002 1771 vindicando
3057 1717 3504 1788 subjugabitis?
3528 1742 3555 1768 ›)

113 1806 337 1871 scatur,
370 1817 517 1856 neve
557 1802 842 1858 desaeviat
880 1805 940 1857 in
971 1819 1082 1857 nos
1112 1803 1276 1858 furor
1306 1809 1442 1858 tuus
1471 1823 1482 1868 ;
1531 1806 1675 1877 quia
1701 1805 1786 1860 tui

111 1906 219 1962 per
243 1890 453 1945 omnia
483 1891 688 1946 ﬁdeles
721 1908 948 1956 sumus,
973 1908 1080 1947 nec
1109 1892 1189 1946 illi
1213 1909 1482 1964 unquam
1513 1895 1784 1949 adhaere-

110 1978 394 2033 bimus.»
452 1979 535 2034 Illi
589 1986 791 2035 autem
839 1981 1234 2052 discedentes,
1284 1999 1417 2054 quae
1467 1985 1788 2039 audierunt

113 2067 373 2124 Rodulfo
406 2068 599 2124 Torta:
649 2070 1162 2126 renuntiaverunt.
1214 2071 1310 2126 Ille
1337 2088 1479 2127 vero
1505 2073 1786 2128 difﬁdens

116 2157 231 2226 sui,
266 2162 442 2229 prata
490 2159 754 2213 celeriter
782 2159 1065 2224 deseruit,
1100 2165 1156 2215 et
1185 2177 1325 2216 cum
1365 2163 1528 2217 omni
1561 2163 1789 2217 familia

115 2246 346 2301 concite
400 2247 655 2301 Parisius
708 2248 888 2304 venit.
920 2248 1137 2303 Videns
1187 2255 1389 2305 autem
1437 2251 1594 2306 ﬁlius
1635 2253 1787 2322 ejus,

117 2333 215 2405 qui
279 2338 409 2388 erat
462 2335 721 2390 Pariacae
778 2335 944 2390 urbis
1005 2337 1346 2408 episcopus,
1407 2340 1787 2410 repentinum

117 2422 448 2476 adventum
479 2423 628 2492 ejus,
658 2422 899 2492 diriguit
925 2442 937 2490 ;
975 2424 1218 2496 imoque
1250 2426 1493 2480 trahens
1525 2444 1560 2482 a
1586 2432 1789 2499 pecto-

116 2526 176 2565 re
222 2511 504 2582 suspiria,
538 2511 687 2566 dixit
715 2531 726 2566 :
782 2535 808 2560 ‹‹
836 2516 969 2578 Cur,
1004 2520 1193 2584 pater,
1225 2531 1364 2569 cum
1396 2517 1562 2570 omni
1602 2517 1789 2572 utriu-

115 2617 268 2672 sque
303 2617 481 2655 sexus
509 2601 734 2656 familia
760 2602 877 2656 huc
909 2603 1300 2659 accelerasti?
1331 2628 1357 2653 »
1387 2605 1483 2659 Ille
1511 2622 1652 2661 vero
1684 2608 1788 2662 de-

119 2689 381 2744 trimenti
435 2689 526 2744 sui
575 2690 1123 2763 episcopo-casum,
1151 2698 1329 2765 atque
1370 2695 1789 2751 calamitosum

118 2777 427 2834 infortunii
476 2780 567 2833 sui
612 2780 806 2836 retulit
837 2781 1189 2852 periculum.
1235 2783 1563 2854 Episcopus
1595 2790 1651 2840 et
1681 2802 1788 2857 pa-

121 2872 202 2921 ter
228 2868 362 2938 ejus
391 2867 549 2922 misit
581 2873 635 2922 et
662 2869 886 2924 remisit
914 2869 1144 2938 legatos
1176 2870 1254 2924 ad
1289 2877 1463 2926 tantae
1497 2872 1788 2928 fortitudi-

118 2956 210 3011 nis
241 2972 523 3028 puerum,
561 2958 664 3012 sed
696 2975 817 3014 non
868 2960 1093 3030 profuit
1139 2959 1251 3014 illis
1301 2961 1362 3014 in
1405 2977 1786 3033 prosperum.

121 3045 394 3101 Videntes
426 3052 629 3101 autem
673 3048 937 3103 seniores
987 3049 1435 3104 Northmannia:
1467 3053 1632 3122 quod
1666 3057 1787 3107 tam

117 3136 445 3206 prudenter
469 3137 925 3193 exterminasset
954 3138 1290 3211 principem
1311 3139 1555 3210 militiae,
1580 3141 1791 3197 timue-

117 3229 256 3280 runt
290 3224 347 3279 ill
359 3241 458 3279 um
489 3224 685 3281 valde.

177 3317 328 3371 Cum
361 3319 563 3370 autem
589 3315 931 3384 insignibus
957 3316 1254 3389 tantisque
1292 3318 1612 3389 refulgeret
1642 3320 1793 3375 indi-

120 3403 219 3457 ciis
248 3403 562 3476 praesentis
593 3404 925 3475 futuraeque
956 3405 1130 3460 bonae
1161 3407 1546 3478 operationis,
1575 3408 1789 3464 Gallia-

120 3508 232 3563 que
264 3493 780 3548 commorantium
808 3499 1038 3548 mentes
1071 3495 1342 3567 tantique
1389 3498 1624 3565 sagacis
1653 3514 1788 3569 per-

120 3583 354 3638 celleret
383 3584 548 3638 fama
573 3583 1003 3650 adolescentis;
1037 3589 1216 3656 atque
1244 3585 1496 3642 rutilans
1530 3588 1790 3658 copiosis

120 3677 552 3742 quaternarum
582 3672 866 3726 virtutum
916 3673 1220 3744 profusius
1271 3674 1672 3742 incrementis,
1706 3693 1794 3731 re-

121 3775 308 3828 gnum
335 3761 785 3816 Northmanniae
812 3761 960 3816 nulli
987 3762 1273 3817 subactus
1305 3763 1417 3817 nisi
1449 3766 1569 3818 Deo
1591 3763 1792 3837 dispo-

120 3864 267 3903 nens
322 3853 388 3903 ut
431 3865 554 3915 rex,
603 3849 943 3905 moderaret
979 3851 1206 3920 judicio
1253 3851 1399 3922 justi
1444 3853 1790 3929 regiminis;

121 3941 288 4009 Hugo
317 3939 444 3993 dux
470 3956 731 4009 magnus
759 3956 1009 3995 cernens
1036 3957 1176 3996 eum
1201 3941 1541 4010 vigoratum
1564 3947 1620 3997 et
1643 3959 1791 4014 pree-

122 4029 434 4084 cellentem
466 4029 528 4083 in
559 4029 843 4084 omnibus
873 4030 1063 4096 factis,
1090 4030 1403 4086 mandavit
1427 4032 1506 4087 ad
1538 4049 1600 4086 se
1632 4032 1794 4087 veni-

120 4133 179 4171 re
209 4118 495 4173 comitem
527 4119 902 4174 Bernardum
925 4126 1406 4176 commorantem
1439 4122 1585 4176 urbe
1611 4121 1791 4178 Silva-

121 4207 406 4272 nectensi,
455 4207 640 4264 ascito
691 4209 912 4280 pariter
953 4209 1254 4265 Bernardo
1300 4210 1786 4276 Rothomagensi.

123 4297 350 4361 Quibus
382 4297 499 4352 ait:
549 4298 999 4354 «Plurimorum
1047 4299 1470 4355 insidiatorum
1514 4301 1790 4356 Richardi

121 4386 518 4442 adolescentis
549 4387 781 4442 comitis
819 4387 1049 4457 legatos
1099 4389 1306 4457 habui,
1335 4389 1439 4462 qui
1469 4395 1792 4446 retractant

121 4481 176 4530 et
203 4481 504 4531 conantur
533 4481 751 4532 terram
784 4478 1304 4534 Northamannicae
1335 4479 1595 4547 regionis
1624 4479 1788 4534 inva-

120 4563 259 4620 dere
291 4564 717 4634 congressione
748 4565 964 4620 hostili.
1000 4566 1332 4621 Richardus
1362 4583 1472 4621 nec
1511 4567 1635 4636 regi
1678 4583 1788 4622 nec

121 4651 258 4707 duci
279 4653 511 4718 militat,
538 4669 648 4707 nec
680 4653 782 4708 ulli
812 4653 924 4708 nisi
957 4657 1075 4708 Deo
1107 4655 1364 4726 obsequi
1394 4660 1655 4727 prtestat.
1677 4656 1787 4710 Te-

122 4748 218 4796 net
239 4742 418 4797 sicuti
435 4758 538 4797 rex
565 4743 983 4797 monarchiam
1006 4744 1487 4798 Northmannicze
1507 4745 1787 4816 regionis,

123 4835 177 4884 et
200 4847 324 4886 non
345 4831 529 4887 habet
553 4832 780 4886 amicos
804 4831 915 4886 sibi
939 4849 1244 4888 connexos
1266 4833 1658 4890 inextricabili
1689 4833 1790 4888 foe-

121 4905 258 4976 dere
290 4921 572 4991 adjutorii
594 4926 651 4977 et
676 4922 990 4978 societatis.
1020 4923 1248 4978 Arnulﬁ
1279 4923 1513 4978 comitis
1537 4923 1792 4995 perﬁdia

121 5015 288 5080 pater
317 5011 474 5066 illius
520 5011 822 5079 occubuit,
864 5011 1057 5067 videte
1109 5027 1185 5067 ne
1233 5011 1464 5084 perﬁdo
1517 5012 1792 5082 ejusdem

122 5099 457 5154 calliditatis
486 5099 670 5155 livore
701 5100 1054 5172 decipiatur.
1089 5103 1209 5155 Rex
1253 5105 1455 5155 autem
1507 5116 1629 5156 non
1671 5101 1787 5156 im-

120 5203 355 5244 memor
374 5193 512 5243 ante
540 5188 859 5254 malorum,
889 5188 1338 5244 animositatem
1356 5189 1450 5244 sui
1473 5188 1792 5244 detrimen-

121 5277 163 5331 ti
206 5283 262 5332 et
305 5277 602 5350 captionis
651 5278 849 5333 adhuc
881 5277 1166 5348 ruminat,
1201 5283 1256 5334 et
1281 5295 1558 5350 quaerens
1588 5279 1790 5334 interi-

121 5369 247 5421 tum
277 5371 488 5421 vestrze
532 5365 947 5438 perdititionis,
977 5366 1133 5422 illius
1180 5368 1264 5422 rei
1315 5367 1455 5423 dolo
1496 5367 1788 5439 plurimos

122 5451 233 5506 sibi
255 5454 536 5510 associat.
552 5455 801 5517 Quaerite
824 5472 966 5524 ergo
991 5455 1229 5511 salubre
1253 5455 1424 5510 vobis
1447 5455 1788 5522 consilium,

121 5544 185 5594 ut
217 5543 406 5597 securi
439 5543 792 5598 insidiarum
837 5550 892 5599 et
938 5545 1385 5616 deceptionum,
1414 5561 1486 5599 ne
1529 5545 1784 5600 timeatis

123 5629 363 5686 fatalem
388 5633 714 5688 mundanae
737 5634 1034 5689 varietatis
1059 5639 1360 5689 eventum.
1382 5659 1406 5680 ››
1441 5635 1562 5689 Hoc
1585 5640 1787 5689 autem

120 5717 244 5777 dux
278 5721 450 5791 Hugo
479 5739 737 5792 magnus
763 5723 1125 5795 propinabat
1149 5723 1457 5796 proposito
1487 5729 1674 5780 cautae
1699 5723 1788 5778 in-

415 5820 658 5876 PATBOL.
693 5821 864 5877 CXLI.

1893 1798 2231 1854 Bernardus
2279 1818 2417 1856 vero
2467 1803 2921 1858 Silvanectensis
2981 1805 3308 1862 afl'ectuosa
3349 1807 3558 1863 talium

1892 1888 2373 1958 propositionum
2423 1890 2788 1958 inductione,
2831 1893 3315 1949 animadvertens
3364 1895 3556 1950 inten-

1894 1975 2117 2030 tionem
2187 1978 2278 2032 sui
2332 1979 2601 2044 senioris,
2649 1981 2957 2052 respondit
3018 1983 3336 2055 proloquio
3384 2001 3560 2054 argu-

1895 2067 2183 2120 mentbsae
2241 2068 2499 2122 mentis:
2562 2071 2888 2139 «Domine,
2947 2070 3297 2139 ignoramus
3363 2075 3557 2144 cujus,

1894 2154 2009 2208 nisi
2060 2160 2300 2210 tuam.»
2360 2160 2531 2226 Hugo
2577 2175 2717 2214 vero
2768 2162 3012 2228 Magnus
3057 2161 3391 2232 intelligens
3440 2163 3564 2218 ani-

1897 2243 2289 2300 madvertisse
2338 2252 2660 2319 utrumque
2711 2249 2994 2305 affectum
3042 2250 3364 2307 voluntatis
3415 2269 3562 2320 suae,

1899 2338 2107 2403 aperta
2138 2335 2336 2389 cordis
2369 2336 2461 2390 sui
2510 2337 2834 2392 intentione
2879 2339 3094 2395 dicitur
3133 2341 3516 2412 respondisse
3548 2359 3560 2395 :

1899 2442 1928 2475 ‹
1954 2427 2080 2478 Non
2124 2430 2212 2479 est
2253 2426 2478 2498 quippe
2524 2444 2656 2482 mos
2709 2429 2967 2484 Franciae
3004 2435 3067 2485 ut
3096 2431 3374 2502 quislibet
3398 2432 3562 2504 prin-

1898 2529 2037 2584 ceps
2081 2513 2279 2569 duxve
2321 2517 2695 2587 constipatus
2728 2517 3140 2573 abundantius
3183 2525 3346 2574 tanto
3376 2521 3561 2576 milite

1897 2608 2235 2673 perseveret
2263 2604 2491 2658 cunctis
2523 2605 2734 2659 diebus
2781 2605 2970 2661 taliter
2997 2607 3060 2661 in
3085 2607 3356 2663 dominio
3385 2608 3558 2664 ditio-

1897 2691 1990 2746 nis
2038 2708 2181 2762 suze,
2240 2697 2304 2747 ut
2360 2709 2483 2748 non
2532 2698 2636 2749 aut
2685 2694 2980 2750 famulatu
3032 2696 3354 2752 voluntatis
3414 2715 3558 2764 suae,

1899 2785 2002 2835 aut
2053 2785 2295 2835 coactus
2346 2781 2404 2835 vi
2448 2787 2503 2836 et
2556 2787 2867 2853 potestate,
2903 2783 3215 2840 incumbat
3253 2785 3558 2856 acclivius,

1897 2868 2264 2940 imperatori,
2293 2870 2386 2924 vel
2412 2871 2556 2939 regi,
2591 2872 2803 2926 ducive
2829 2891 2840 2927 :
2876 2877 2931 2927 et
2962 2873 3011 2927 si
3042 2873 3189 2928 forte
3212 2892 3561 2946 persevera-

1897 2957 2046 3011 verit
2073 2957 2133 3011 in
2167 2957 2490 3013 temeritate
2523 2959 2791 3014 audaciae
2826 2977 2968 3027 suae,
2998 2966 3064 3017 ut
3091 2977 3212 3016 non
3242 2962 3562 3018 famulare-

1845 3082 1866 3124 τ
1898 3050 1993 3101 tur
2021 3046 2197 3102 alicui
2228 3047 2494 3102 volenter
2537 3050 2910 3120 praecopiosa
2955 3050 3232 3124 ubertate
3274 3052 3566 3108 sufﬁcien-

1898 3136 1990 3190 tiae
2023 3153 2180 3204 sure;
2214 3135 2406 3192 solent
2435 3137 2488 3192 ei
2515 3137 2658 3192 rixze
2690 3137 3223 3212 dissensionesque
3253 3145 3432 3213 atque
3472 3159 3568 3198 ca-

1899 3242 2000 3280 sus
2028 3225 2485 3282 innumerabilis
2516 3227 2858 3284 detrimenti
2905 3230 3228 3301 saepissime
3276 3231 3562 3288 accidere.

1900 3316 2274 3388 Quapropter
2305 3315 2352 3370 si
2382 3315 2703 3386 placuisset
2733 3318 3027 3374 Richardo
3059 3319 3198 3374 duci
3231 3325 3332 3375 tuo
3360 3321 3564 3392 nepoti

1900 3405 2166 3476 seipsum
2192 3404 2426 3460 ﬂectere
2461 3409 2521 3459 ut
2550 3405 2829 3461 militaret
2867 3407 3034 3471 mihi,
3069 3413 3268 3463 vestro
3303 3409 3570 3464 saluber-

1898 3493 2052 3548 rimo
2095 3493 2344 3549 consilio
2391 3498 2604 3565 sponte
2651 3493 2838 3549 ﬁliam
2884 3511 3086 3551 meam
3137 3498 3442 3553 connubio
3484 3498 3566 3553 illi

1893 3580 2212 3649 jungerem
2264 3587 2321 3636 et
2346 3587 2511 3637 terrae
2543 3599 2732 3654 quam
2771 3584 3147 3640 haereditario
3191 3586 3325 3655 jure
3376 3588 3569 3658 possi-

1899 3668 2016 3733 det,
2053 3669 2370 3725 continuus
2401 3669 2678 3726 defensor
2722 3675 2779 3727 et
2827 3672 3065 3728 auditor
3109 3678 3316 3729 contra
3354 3690 3567 3731 omnes

1901 3758 2196 3814 adessem.
2223 3782 2250 3808 »
2296 3763 2455 3814 Tunc
2498 3776 2700 3815 comes
2741 3761 3194 3818 Silvanectensis
3227 3765 3564 3820 Bernardus

1901 3848 2120 3904 dixisse
2143 3847 2360 3904 fertur:
2396 3849 2736 3910 «Quoniam
2756 3851 3000 3923 quidem
3026 3852 3389 3908 Richardum
3418 3853 3566 3910 ado-

1900 3937 2225 3993 lescentem
2273 3939 2511 4006 ducem,
2560 3957 2766 3996 meum
2810 3946 3113 4013 nepotem,
3160 3947 3404 4016 captum
3454 3945 3569 4016 pri-

1904 4026 2044 4082 dem
2091 4029 2297 4095 tenuit,
2339 4045 2672 4102 omnesque
2727 4031 3172 4087 Northmannos
3225 4049 3332 4105 per
3382 4032 3568 4089 ﬁdem

1901 4131 2007 4170 rex
2038 4116 2372 4172 Ludovicus
2419 4117 2668 4190 perdere
2697 4118 2914 4186 voluit;
2964 4120 3179 4175 melius
3219 4124 3362 4191 opto
3417 4121 3464 4175 si
3502 4123 3569 4176 ﬁ-

1900 4203 2046 4260 liam
2069 4209 2234 4261 tuam
2255 4206 2491 4262 dederis
2522 4223 2772 4263 uxorem
2797 4208 2879 4263 illi
2909 4214 2971 4264 ut
3000 4209 3350 4276 militettibi,
3378 4225 3568 4280 quam

1902 4293 2113 4350 doloso
2161 4295 2362 4365 regi.»
2419 4295 2589 4351 Dedit
2642 4295 2845 4368 itaque
2899 4297 3070 4367 Hugo
3125 4297 3248 4352 dux
3307 4313 3568 4366 magnus

1905 4382 2198 4438 Richardo
2230 4383 2604 4440 nobilissimo
2641 4385 3006 4441 adolescenti
3051 4386 3235 4441 ﬁliam
3269 4401 3442 4440 suam
3471 4386 3570 4440 ﬁr-

1905 4475 2212 4527 mamento
2274 4473 2676 4538 sacramenti;
2731 4489 2855 4528 non
2925 4478 3126 4529 tamen
3182 4478 3400 4529 statuta
3436 4473 3566 4544 lege

1905 4559 2263 4614 fescennina}
2313 4559 2728 4632 coemptionis,
2755 4577 2966 4616 verum
2997 4561 3385 4616 denominato
3406 4562 3569 4630 jura-

1905 4653 2085 4720 toque
2114 4648 2366 4704 termino
2415 4649 2805 4705 connexionis
2849 4650 3250 4706 connubialis.
3287 4654 3434 4707 Cum
3466 4668 3569 4707 au-

1908 4744 2023 4795 tem
2080 4738 2262 4809 hujus
2317 4739 2591 4794 veridicae
2658 4737 2959 4794 relationis
3028 4739 3191 4795 fama
3248 4741 3404 4809 regis
3460 4743 3568 4795 Lu-

1903 4827 2099 4883 dovici
2181 4845 2356 4884 aures
2443 4827 2641 4883 cordis
2717 4827 3089 4899 percelleret,
3165 4828 3567 4899 comitemque

1901 4915 2218 4971 Arnuifum
2247 4917 2460 4972 futurae
2491 4915 2733 4972 ultionis
2769 4915 3070 4971 interitum
3101 4915 3340 4987 penitus
3367 4915 3569 4972 formi-

1902 5005 2148 5062 dantem
2190 5006 2571 5078 pertubaret;
2617 5005 2783 5076 quod
2835 5004 3165 5060 Richardus
3214 5005 3569 5061 Northman—

1902 5111 2121 5150 norum
2163 5095 2288 5150 dux
2333 5095 2465 5150 ﬁliae
2521 5094 2788 5164 Hugonis
2833 5093 3039 5163 magni
3087 5093 3258 5150 ducis
3307 5095 3568 5152 maritali

1903 5184 2228 5254 connubio,
2288 5183 2478 5253 gratia
2528 5182 2888 5255 posteritatis
2947 5187 3004 5237 et
3059 5183 3454 5239 successionis
3503 5201 3566 5241 se

1903 5273 2230 5344 copularet,
2282 5272 2640 5343 servitioque
2693 5271 2821 5341 ejus
2873 5287 2984 5342 pro
3028 5287 3120 5341 ea,
3159 5288 3392 5345 proque
3437 5274 3568 5330 uni-

1899 5361 2050 5416 versi
2106 5359 2301 5416 solatii
2367 5358 2666 5430 adjutorio
2737 5358 3118 5429 incumbens,
3180 5361 3564 5434 militansque

1899 5452 2232 5521 conjunctae
2288 5449 2557 5504 amicitiae
2603 5449 3024 5519 competentia,
3073 5450 3430 5523 hederisque
3480 5452 3566 5508 in-

1900 5539 2169 5595 solubilis
2202 5555 2361 5593 nexu
2389 5554 2451 5592 se
2481 5537 2561 5591 illi
2589 5536 2892 5606 colligaret
2921 5556 2933 5592 :
2984 5539 3154 5594 nimii
3195 5541 3466 5596 tremoris
3497 5542 3564 5597 ti-

1899 5645 2064 5682 more
2093 5627 2401 5700 perterriti,
2431 5642 2504 5680 ne
2537 5630 2841 5680 tantorum
2869 5627 3129 5683 duorum
3152 5628 3377 5683 ducum
3407 5629 3559 5683 mili-

1900 5724 2028 5773 tum
2055 5718 2389 5789 frequentia
2414 5720 2861 5774 contererentur
2893 5718 3124 5775 subacti
3145 5715 3561 5773 Virmandensf

3202 5810 3268 5868 23
