3878 6388
61 284 171 336 717

562 282 651 335 DE
693 280 931 337 GESTIS
970 281 1409 345 NORMANNUE
1445 282 1683 341 DUCUH
1722 280 1900 337 LIBRI
1940 281 2135 339 TRES.
2178 311 2247 321 --
2286 281 2415 345 LIII.
2457 284 2546 338 III.
2588 278 3010 337 RICHARDUS.

3383 286 3496 339 718

62 420 246 459 secus
302 403 640 476 praecincta,
699 403 855 475 viget
906 404 1387 477 inexpugnabilis
1436 406 1513 461 ab
1570 403 1735 460 omni
1767 404 1812 457 Α
1848 403 2034 470 vicus,
2066 408 2129 460 ut
2156 403 2904 478 proticiscarisadurbem
2966 402 3510 475 Rothomagensem

63 498 245 563 gente
296 498 745 566 superventura.
809 497 1124 552 Preeamur
1150 494 1371 568 itaque,
1400 500 1557 551 verte
1608 500 1734 550 tan-

62 586 272 643 tarum
325 582 631 651 legionum
711 582 1037 639 exercittun
1103 584 1181 639 ad
1244 583 1736 653 Rothomagcnsis

63 671 238 729 urbis
271 687 518 743 pagum,
548 670 691 743 quia
720 676 1046 744 antequam
1096 673 1541 730 Northmannici
1580 671 1733 727 ruris

62 761 223 817 ﬁnes
282 760 556 830 attinges,
610 760 1085 832 deportabuntur
1138 762 1242 819 tibi
1286 762 1441 818 illius
1486 761 1733 817 civitatis

66 849 297 909 claves.
345 871 371 900 ιι

496 954 855 994 ΔΡΟΒΤΒΟΡΗΔ
896 957 966 994 AD
1008 956 1317 996 ARNULFUM.

468 1030 643 1081 Posse
677 1027 877 1083 sistere
900 1045 1005 1083 cur
1032 1029 1154 1098 Dei,

472 1116 749 1173 Omnium
783 1133 1026 1191 quoque
1056 1117 1309 1191 praescii,

468 1203 642 1269 Velle,
677 1204 851 1275 cujus
883 1221 1036 1277 opus
1067 1210 1291 1272 manet,

470 1295 534 1347 Et
564 1292 746 1349 callor
773 1293 915 1366 petit
942 1294 1166 1361 omnia,

468 1381 727 1449 Regibus
761 1383 929 1456 cupis
952 1383 1198 1455 asperis,

468 1470 958 1535 Contumacibus,
987 1469 1299 1542 improbis,

465 1558 897 1625 Arrogantibus
932 1562 989 1613 et
1020 1558 1193 1614 malis
1222 1560 1250 1614 ?

465 1646 749 1711 Quamvis
774 1647 1086 1702 emeritum
1108 1646 1327 1705 ducem

467 1734 628 1788 Heu!
663 1739 895 1806 patrem
927 1734 1129 1805 tetigit,
1164 1740 1322 1805 tuus,

466 1823 637 1879 Istius
666 1823 836 1896 pueri
868 1824 1021 1878 sacri

465 1915 686 1978 Mucro,
720 1912 980 1969 sanctior
1010 1918 1073 1969 ut
1102 1912 1272 1969 foret.

463 2002 644 2057 Testis
675 2001 980 2059 almiﬂuus
1011 2002 1107 2058 Dei
1142 2020 1154 2058 :

467 2093 613 2146 Vota
642 2106 763 2146 non
796 2094 897 2147 tua
924 2090 1133 2147 frivola

466 2179 620 2235 Velle
651 2179 1015 2252 prospicient
1044 2184 1214 2236 tuum
1250 2198 1263 2245 ;

466 2271 611 2324 Ecce
642 2268 745 2323 sed
780 2285 981 2325 comes
1010 2268 1245 2335 almior,

465 2357 719 2416 Marchio
746 2357 1116 2430 locupletior,

469 2449 716 2519 Duxque
747 2447 1005 2503 sanctior
1030 2445 1340 2515 omnibus,

462 2535 701 2602 Nobilis,
738 2535 1006 2605 celebris,
1040 2535 1196 2609 pius,

461 2624 682 2691 Justus,
713 2622 1027 2688 almiticus,
1054 2622 1302 2694 probus,

468 2712 749 2773 Sanctus,
773 2710 1090 2777 innocuus,
1119 2709 1341 2778 bonus;

466 2799 653 2854 Omne
676 2797 803 2867 jam
834 2800 1047 2853 statuet
1071 2797 1322 2869 bonum,

468 2888 655 2943 Omne
686 2890 949 2942 conteret
973 2891 1029 2941 et
1050 2886 1299 2943 malum.

144 2976 624 3033 Multimodarum
656 2992 917 3050 namque
947 2975 1300 3047 petitionum
1329 2976 1730 3050 persuasioni-

78 3064 189 3121 bus
218 3082 320 3122 rex
346 3066 497 3121 Otho
529 3065 895 3137 compulsus,
926 3065 1111 3120 movit
1138 3070 1311 3121 tanta;
1334 3065 1729 3122 multitudinis
1770 3079 1811 3136 ρ

77 3154 419 3221 exercitum,
450 3153 873 3227 profectusque
928 3159 1018 3209 est
1073 3170 1211 3209 cum
1256 3170 1394 3224 rege
1432 3154 1729 3211 Ludovico

77 3258 250 3316 super
300 3246 462 3317 Eptze
518 3242 797 3308 rivulum,
855 3243 960 3315 qui
1017 3244 1267 3299 termino
1317 3243 1729 3321 diremptionis

73 3329 283 3389 limitat
331 3332 589 3389 Francia!
646 3333 1212 3405 Northmanniaeque
1260 3349 1537 3403 regnum.
1570 3337 1729 3389 Tunc

76 3426 243 3477 vocat
273 3422 427 3479 Otho
458 3420 796 3489 Arnulfum,
846 3421 1213 3477 incentorem
1258 3423 1434 3478 totius
1482 3422 1645 3491 mali,
1675 3426 1730 3477 et

72 3509 310 3581 requirit
334 3508 536 3565 claves
569 3508 1065 3579 Rothomagensis
1112 3510 1297 3577 urbis,
1340 3516 1404 3567 ut
1452 3511 1566 3567 sibi
1590 3527 1727 3584 pro-

73 3596 312 3654 miserat
334 3596 655 3670 deportari.
690 3597 969 3652 Arnulfus
990 3613 1132 3653 vero
1157 3597 1480 3654 intentione
1505 3602 1728 3666 argutae

74 3685 283 3741 mentis
338 3685 519 3758 erepit
569 3701 773 3754 regem
828 3686 1121 3741 Othonem
1175 3685 1384 3741 affari:
1420 3708 1447 3734 «
1486 3685 1731 3741 Domine

75 3786 191 3836 rex,
222 3790 405 3831 nemo
434 3773 1023 3844 Rothomagiensium
1049 3774 1229 3829 audet
1258 3778 1311 3829 te
1344 3773 1568 3843 egredi,
1587 3774 1730 3846 quia

74 3860 287 3918 abhinc
310 3863 753 3932 Rothomagum
783 3878 974 3935 usque
1003 3866 1196 3918 exstat
1220 3862 1391 3918 tellus
1422 3862 1724 3931 silvestris,

75 3954 643 4023 commoranturque
712 3950 1022 4007 latrocinia
1086 3955 1425 4007 exercentes
1480 3950 1540 4005 in
1597 3950 1727 4021 ejus

78 4037 234 4094 silvis
260 4046 317 4098 et
340 4040 512 4096 lucis.
547 4043 643 4095 Est
673 4040 825 4096 alius
854 4040 1143 4096 decursus
1177 4056 1476 4112 aquarum
1504 4040 1566 4095 in
1594 4056 1729 4113 pro-

75 4126 252 4197 ximo,
308 4146 445 4203 quae
493 4134 741 4186 vocatur
768 4129 1036 4197 Andella,
1089 4130 1273 4203 pratis
1326 4128 1727 4202 omnibusque

76 4230 271 4274 rerum
302 4218 623 4276 afﬂuentiis
654 4219 1012 4292 propensius
1040 4218 1273 4275 referta.
1309 4218 1392 4275 Ibi
1418 4236 1573 4289 cras,
1623 4235 1728 4292 pe-

78 4304 275 4377 timus,
334 4308 486 4378 ﬁges
539 4308 807 4376 tentoria,
857 4308 1212 4382 venientque
1239 4307 1376 4365 illuc
1414 4309 1729 4381 optimates

77 4394 657 4467 Rothomagentium,
684 4398 935 4454 ferentes
969 4398 1071 4455 tibi
1102 4397 1297 4455 claves
1324 4398 1490 4455 urbis
1516 4403 1570 4457 et
1596 4415 1729 4471 prc-
1761 4413 1805 4467 1)

4 4512 5 4519 η
78 4482 203 4541 tiosi
231 4486 479 4543 honoris
507 4503 779 4544 numera.
817 4510 844 4537 ››
870 4492 992 4545 Rex
1020 4503 1160 4544 vero
1211 4488 1361 4543 Otho
1409 4487 1733 4561 deprecati-

6 4624 7 4629 η
77 4570 162 4627 vis
218 4579 465 4631 coactus
516 4575 735 4642 verbis,
796 4575 1015 4633 abhinc
1060 4574 1430 4632 secedensin
1469 4576 1731 4634 Andellee

6 4690 7 4723 γ
78 4656 296 4719 ﬂuvioli
326 4661 550 4717 resedit
577 4662 784 4734 pratis.

146 4749 412 4807 Diluculo
439 4765 580 4805 vero
611 4749 881 4807 subdolae
931 4750 1265 4809 calliditatis
1318 4768 1521 4809 comes
1578 4752 1734 4810 stetit

6 4866 7 4887 ι
81 4840 208 4892 ante
241 4840 538 4895 Othonem
561 4854 783 4909 regem,
817 4839 1246 4912 episcoporum
1270 4845 1428 4898 coetu
1476 4840 1731 4898 ducum-

81 4936 190 4993 que
219 4932 276 4983 et
302 4944 623 5002 procerum
648 4927 979 5001 frequentia
1007 4931 1413 5003 constipatum
1466 4933 1523 4986 et
1551 4929 1731 4986 reful-

6 5046 8 5079 1
80 5018 332 5079 gentem.
368 5018 622 5091 Cupiens
653 5021 854 5074 autem
881 5017 1157 5074 Richardi
1190 5017 1557 5092 praefulgidaa
1584 5018 1732 5076 ado-

78 5093 366 5161 lescentiae
396 5106 650 5164 multare
680 5106 926 5180 pubem,
969 5121 1262 5180 regesque
1293 5107 1626 5163 conducere
1653 5108 1734 5165 ad

80 5184 621 5263 Rothomagensem
650 5195 886 5265 urbem,
920 5194 1065 5251 dixit
1094 5195 1173 5250 ad
1204 5196 1535 5253 Othonem:
1562 5218 1590 5245 «
1621 5199 1733 5253 Ru-

8 5336 9 5345 ‘
80 5268 218 5332 bore
272 5279 486 5339 futurae
543 5283 1030 5341 subsannatiouis
1105 5285 1733 5358 Rothomagensesque

80 5364 328 5440 confusi,
358 5373 838 5429 verecundantur
867 5373 1063 5430 claves
1092 5373 1320 5431 mittere
1342 5373 1465 5443 tibi,
1494 5375 1609 5431 nisi
1630 5391 1735 5448 op-

79 5455 261 5521 pressi
290 5457 507 5517 fuerint
558 5462 928 5519 immanitate
978 5463 1197 5519 hostili.
1244 5467 1508 5520 Duorum
1558 5464 1735 5536 igitur

8 5602 9 5605 η
80 5552 286 5609 regum
317 5552 739 5625 tantorumque
770 5552 995 5609 ducum
1040 5558 1094 5609 et
1122 5570 1441 5627 procerum
1472 5556 1735 5611 exercitu

8 5668 11 5707 ε
82 5630 292 5704 vallati,
320 5653 442 5694 non
472 5641 744 5697 different
772 5642 1069 5699 civitatem
1098 5643 1347 5700 reddere
1388 5644 1510 5700 tibi.
1575 5650 1732 5711 Qua-

8 5762 15 5797 .
84 5726 319 5793 Propter
345 5734 622 5800 precatur
650 5734 703 5787 te
733 5730 951 5788 obnixe
978 5748 1149 5788 meus
1178 5733 1376 5791 senior
1402 5750 1507 5791 rex
1526 5733 1723 5793 Ludo-

1845 492 2190 551 matutinus.
2227 494 2377 551 Mitte
2403 499 2539 551 ante
2570 498 2959 568 conspectum
3010 496 3124 548 tuae
3176 495 3507 568 majestatis

1844 580 2324 639 robustissimam
2353 582 2673 653 legionem,
2702 597 2840 654 quae
2894 580 3183 639 invadens
3217 582 3507 640 hostiliter

1844 676 2221 744 praeoccupet
2252 671 2574 740 civitatem;
2604 675 2669 727 ut
2695 669 2745 726 si
2763 686 2917 745 quos
2938 670 3264 727 forinsecus
3289 676 3513 733 stantes

1844 760 2181 816 certaminis
2206 762 2393 833 gratia
2421 761 2730 829 invenerit,
2760 759 2839 817 ad
2884 760 3182 817 civitatem
3237 760 3515 818 ferociter

1842 850 2127 919 retrudat,
2182 850 2442 923 hincque
2498 850 2751 908 tentoria
2808 854 2909 906 tua
2964 850 3202 907 illorum
3265 867 3514 908 securus

1845 938 1923 995 ad
1972 945 2211 1012 portam
2264 940 2679 1001 Belvacensem
2731 940 2900 1010 ﬁgat.
2966 942 3113 997 Cum
3163 946 3365 997 autem
3413 957 3517 1017 ap-

1842 1027 2232 1100 propiaveris,
2288 1033 2425 1084 tuus
2479 1028 2718 1101 meique
2772 1025 3021 1084 senioris
3066 1028 3357 1085 exercitus
3409 1044 3513 1085 eos

1845 1115 2124 1172 sollicitos
2206 1117 2467 1186 reddat,
2548 1117 2752 1189 sicque
2808 1116 2871 1172 in
2916 1116 3112 1190 primo
3172 1118 3513 1181 certaminis

1844 1210 2139 1276 apparatu
2195 1221 2385 1279 eoque
2427 1204 2612 1279 praelii
2640 1204 2922 1262 conﬂictu
2948 1204 3341 1279 contemplari
3371 1206 3506 1280 qui-

1842 1293 2103 1351 verimus
2155 1295 2327 1366 cujus
2384 1295 2659 1351 valentiaa
2708 1298 2767 1351 et
2810 1294 3179 1350 fortitudinis
3208 1296 3333 1351 haec
3363 1294 3509 1352 urbs

1844 1388 2051 1438 exstat.
2099 1407 2125 1432 ››

1914 1474 2061 1528 Tum
2091 1472 2340 1546 quidam
2385 1488 2573 1545 nepos
2626 1472 2781 1543 regis
2836 1472 3081 1529 Othonis
3136 1473 3285 1530 dixit
3329 1473 3510 1530 verbo

1844 1560 2151 1616 elationis:
2186 1581 2217 1614 «
2250 1561 2497 1617 Domine
2542 1576 2669 1629 rex,
2730 1560 2778 1617 si
2829 1560 2964 1618 licet
2993 1562 3117 1633 tibi,
3151 1562 3509 1623 antecedens

1844 1648 1964 1717 ibo,
2018 1655 2335 1723 castraque
2381 1656 2483 1706 tua
2538 1650 2829 1707 metabor.
2888 1651 2945 1707 Si
2989 1651 3137 1707 forte
3182 1651 3511 1723 iugruerint

1774 1756 1816 1811 Β
1848 1743 2056 1795 contra
2082 1756 2176 1795 me
2198 1739 2373 1805 bella,
2405 1756 2517 1809 ego
2549 1744 2855 1797 conteram
2882 1740 3082 1811 gladio
3125 1757 3336 1798 eorum
3377 1741 3509 1797 mil-

1844 1827 1944 1885 lia.
1978 1828 2259 1901 Experiar
2297 1828 2470 1899 cujus
2499 1828 2869 1885 habitudinis
2935 1830 3183 1903 cujusve
3234 1829 3505 1886 valentia:

1844 1917 1943 1973 vel
1992 1917 2350 1974 fortitudinis
2401 1922 2540 1973 sunt
2590 1918 2653 1973 in
2682 1918 2910 1991 praelio,
2967 1919 3214 1991 cujusve
3262 1918 3506 1976 cautelae

1845 2006 2321 2080 provisionisque
2343 2011 2399 2064 et
2426 2007 2744 2079 prudentia
2769 2008 2831 2063 in
2860 2007 3038 2065 bello.
3075 2012 3290 2067 Contra
3317 2012 3506 2069 Dacos

1844 2101 1901 2151 et
1930 2096 2150 2151 Alanos
2175 2097 2517 2168 Gothosque
2569 2101 2628 2152 et
2678 2097 2959 2169 Hungros
3004 2114 3163 2173 saepe
3199 2098 3501 2170 dimicavi,

1843 2200 2057 2241 verum
2086 2190 2295 2242 contra
2323 2186 2769 2243 Northmannos
2816 2203 3157 2261 numquam
3208 2193 3508 2245 certamen

1842 2272 1968 2328 inii.
2000 2274 2255 2329 Aciebus
2280 2274 2634 2347 praeparatis
2661 2274 2964 2333 lacescens
2989 2291 3113 2345 eos,
3145 2275 3507 2351 expugnabo

1844 2361 2141 2417 civitatem
2167 2366 2224 2417 et
2253 2362 2564 2434 dissipabo
2616 2363 2970 2435 dispergens
3026 2364 3274 2422 advena:
3313 2364 3505 2435 gentis

1840 2450 2101 2525 plebem.
2136 2473 2162 2501 ››
2198 2452 2320 2508 Hoc
2350 2457 2552 2508 autem
2580 2451 2873 2510 referebat
2897 2454 3187 2525 iactantia
3215 2453 3504 2527 iuvenali,

1840 2540 2126 2608 ignorans
2178 2540 2413 2597 varium
2462 2540 2889 2614 casualemque
2944 2546 3229 2600 eventum
3292 2543 3501 2615 prmlii,

1842 2630 2147 2703 Extemplo
2165 2646 2267 2685 rex
2285 2630 2433 2685 Otho
2452 2629 2802 2685 humillimis
2825 2631 3119 2702 regalium
3144 2631 3501 2705 petitionum

1840 2719 2079 2776 monitis
2108 2724 2369 2785 coactus,
2403 2718 2578 2774 citato
2624 2719 2885 2775 exercitu
2933 2720 3314 2795 progreditur
3370 2720 3501 2777 mit-

1839 2811 1969 2863 tens
1998 2811 2135 2864 ante
2165 2824 2226 2863 se
2260 2823 2556 2880 perversae
2585 2807 2857 2865 elationis
2886 2813 3166 2883 nepotem
3187 2808 3497 2866 adornatis

1838 2895 2197 2967 legionibus.

2472 3000 2859 3041 APOSTROPHA.

1983 3074 2132 3131 Otho
2157 3090 2260 3129 rex
2289 3089 2549 3143 magnus
2572 3073 2926 3131 recolendas
2958 3079 3162 3149 atque,

1982 3164 2096 3218 Cur
2126 3162 2487 3219 Richardum
2515 3161 2919 3235 percelebrem
2946 3178 3328 3237 sacrumque,

1981 3250 2272 3319 Nobilem,
2295 3251 2669 3322 justumque,
2698 3250 2981 3323 probum,
3014 3252 3383 3323 modestum,

1980 3339 2381 3395 Marchionem
2410 3338 2847 3412 patriciumque
2880 3346 3159 3396 sanctum

1982 3429 2048 3482 Et
2075 3427 2292 3483 ducem
2315 3442 2498 3496 nunc,
2532 3426 3109 3500 magnanimumque
3135 3429 3373 3502 fortem,

1980 3514 2187 3569 Ambis
2212 3512 2424 3568 infesto
2453 3512 2678 3569 laniare
2708 3518 2868 3569 coetu

1980 3604 2047 3658 Et
2073 3601 2337 3670 maligno
2365 3600 2773 3656 contaminare
2802 3600 2959 3671 nisu,

1979 3692 2045 3744 Et
2070 3689 2363 3744 honorem
2394 3686 2590 3744 tollere
2617 3687 3009 3761 principatus,

1978 3777 2130 3843 Quin
2152 3775 2378 3851 potenti
2407 3775 2610 3832 sistere
2641 3775 2902 3846 cogitatu

1976 3865 2152 3923 Nutui
2182 3865 2353 3935 Regis
2382 3863 2701 3937 superique
2732 3863 2954 3920 summi
2975 3865 3004 3921 ?

1974 3958 2149 4012 Posse
2175 3954 2375 4011 nullus
2402 3969 2547 4010 nam
2572 3954 2797 4027 Supero
2827 3952 3080 4023 resistet,

1976 4042 2130 4100 Velle
2158 4059 2269 4100 nec
2293 4044 2424 4115 jam
2455 4041 2753 4098 sidereum
2780 4040 3061 4099 reﬂectet.

1977 4133 2083 4189 Hic
2114 4149 2338 4201 comes,
2365 4131 2514 4200 dux,
2552 4130 2956 4205 patriciusque
2986 4147 3283 4201 summus,

1977 4221 2242 4278 Marchio
2271 4224 2537 4289 sanctus,
2568 4219 2843 4290 celebris,
2866 4218 3174 4277 modestus

1980 4310 2233 4380 Legibus
2264 4308 2503 4382 plebem
2534 4307 2871 4365 moderabit
2892 4308 3067 4366 almis

1978 4402 2235 4471 Torquet
2263 4403 2490 4455 astutus
2520 4396 2750 4454 laceros
2779 4413 3056 4470 reosque,

1979 4491 2171 4558 Atque
2189 4484 2366 4558 justis
2396 4483 2645 4559 praemia
2671 4484 2855 4554 digna
2881 4484 3078 4543 dedet.

1980 4573 2236 4631 Moribus
2261 4572 2480 4629 sanctis
2509 4571 2852 4644 meritisque
2882 4571 3139 4645 fulgens,

1983 4661 2074 4719 Sic
2104 4660 2229 4735 poli
2256 4658 2634 4734 splendentia
2663 4656 2910 4716 scandet
2933 4664 3113 4719 astra.

1978 4754 2063 4807 Tu
2086 4755 2298 4825 potens
2318 4766 2419 4807 rex
2451 4753 2635 4823 atque
2658 4748 2866 4819 vigens
2898 4748 3243 4822 valensque,

1982 4840 2308 4898 Contereris
2338 4838 2586 4913 numine
2612 4837 2999 4913 sempiterno,

1979 4929 2299 4987 Incubabis
2322 4927 2704 5001 ridiculaeque
2731 4942 2936 4983 sanna:
2963 4945 2976 4995 ;

1981 5018 2194 5092 Sicque
2222 5016 2648 5075 Northmannis
2678 5015 3034 5088 reprobatus
3063 5014 3178 5071 ibis

1978 5105 2072 5162 Ad
2099 5111 2212 5163 tua:
2244 5105 2400 5163 sedis
2429 5103 2805 5162 verecundus
2838 5102 3062 5161 aulam.

1910 5199 2059 5254 Cum
2079 5200 2280 5253 autem
2310 5211 2498 5269 nepos
2527 5194 2682 5266 regis
2712 5193 2960 5250 Othonis
2985 5190 3501 5267 appropinquaret

1837 5288 2079 5359 portam
2105 5284 2375 5353 civitatis,
2409 5299 2543 5357 quae
2573 5285 2955 5354 nuncupatur
2989 5280 3500 5349 Belvacensis,co-

1837 5390 2017 5432 rusco
2044 5373 2311 5447 equitatu
2338 5370 2617 5428 ferventis
2665 5369 2934 5427 elationis
2982 5370 3303 5443 hostilique
3336 5367 3504 5425 belli-

1848 5464 1971 5520 cosi
2013 5462 2353 5520 certaminis
2398 5460 2823 5530 congressione
2875 5458 3135 5516 feritaret
3184 5459 3246 5514 in
3299 5458 3505 5515 North-

1844 5568 2102 5609 mannos
2131 5551 2372 5607 aciebus
2403 5550 2729 5620 adornatis,
2759 5548 2875 5622 ipsi
2927 5565 3066 5605 vero
3112 5546 3505 5605 Northmanni

1845 5643 2054 5699 talium
2084 5641 2574 5699 colluctationum
2615 5639 2809 5710 gnari,
2863 5639 3213 5696 simulantes
3272 5637 3501 5708 fugam,

1842 5733 2016 5807 quasi
2052 5730 2365 5790 hostilibus
2395 5728 2653 5789 convicti
2676 5727 3027 5804 repetebant
3067 5727 3313 5788 celerius
3355 5738 3505 5798 prae-
