  <div class='ocr_page' id='page_1' title='image "/cluster/home/n/w/nwhite01/storage/ocr_20150623/140-141/uc1.31175018559917/935.png"; bbox 0 0 3878 6298; ppageno 0'>
   <div class='ocr_carea' id='block_1_1' title="bbox 575 264 680 320">
    <p class='ocr_par' dir='ltr' id='par_1_1' title="bbox 575 264 680 320">
     <span class='ocr_line' id='line_1_1' title="bbox 575 264 680 320; baseline 0.01 -2"><span class='ocrx_word' id='word_1_1' title='bbox 575 264 680 320; x_wconf 82' lang='lat'>719</span> 
     </span>
    </p>
   </div>
   <div class='ocr_carea' id='block_1_2' title="bbox 1565 255 2992 320">
    <p class='ocr_par' dir='ltr' id='par_1_2' title="bbox 1565 255 2992 320">
     <span class='ocr_line' id='line_1_2' title="bbox 1565 255 2992 320; baseline -0.003 -2"><span class='ocrx_word' id='word_1_2' title='bbox 1565 262 1868 319; x_wconf 85' lang='lat' dir='ltr'>DUDONIS</span> <span class='ocrx_word' id='word_1_3' title='bbox 1903 258 2153 314; x_wconf 80' lang='lat' dir='ltr'>DECANI</span> <span class='ocrx_word' id='word_1_4' title='bbox 2187 256 2243 311; x_wconf 92' lang='lat' dir='ltr'>S.</span> <span class='ocrx_word' id='word_1_5' title='bbox 2278 255 2585 320; x_wconf 80' lang='lat' dir='ltr'>QUINTINI</span> <span class='ocrx_word' id='word_1_6' title='bbox 2615 260 2992 316; x_wconf 70' lang='lat' dir='ltr'>VTROMAND.</span> 
     </span>
    </p>
   </div>
   <div class='ocr_carea' id='block_1_3' title="bbox 574 379 3763 455">
    <p class='ocr_par' dir='ltr' id='par_1_3' title="bbox 574 379 3763 455">
     <span class='ocr_line' id='line_1_3' title="bbox 574 379 3763 455; baseline -0.002 -13"><span class='ocrx_word' id='word_1_7' title='bbox 574 385 797 443; x_wconf 89' lang='lat' dir='ltr'>sidium</span> <span class='ocrx_word' id='word_1_8' title='bbox 822 383 1006 441; x_wconf 87' lang='lat' dir='ltr'>urbis.</span> <span class='ocrx_word' id='word_1_9' title='bbox 1040 386 1301 442; x_wconf 80' lang='lat' dir='ltr'>Saxones</span> <span class='ocrx_word' id='word_1_10' title='bbox 1346 399 1483 440; x_wconf 91' lang='lat' dir='ltr'>vero</span> <span class='ocrx_word' id='word_1_11' title='bbox 1536 384 1685 439; x_wconf 62' lang='lat' dir='ltr'>fictae</span> <span class='ocrx_word' id='word_1_12' title='bbox 1737 383 1889 452; x_wconf 80' lang='lat' dir='ltr'>fugas</span> <span class='ocrx_word' id='word_1_13' title='bbox 1943 379 2217 436; x_wconf 82' lang='lat' dir='ltr'>simulate</span> <span class='ocrx_word' id='word_1_14' title='bbox 2259 382 2305 434; x_wconf 83' lang='lat' dir='ltr'><strong>A</strong></span> <span class='ocrx_word' id='word_1_15' title='bbox 2333 379 2709 438; x_wconf 81' lang='lat' dir='ltr'>animositate</span> <span class='ocrx_word' id='word_1_16' title='bbox 2733 398 2971 455; x_wconf 89' lang='lat' dir='ltr'>pungor</span> <span class='ocrx_word' id='word_1_17' title='bbox 2995 380 3341 454; x_wconf 69' lang='lat' dir='ltr'>praenimia;</span> <span class='ocrx_word' id='word_1_18' title='bbox 3390 381 3614 437; x_wconf 85' lang='lat' dir='ltr'>incertum</span> <span class='ocrx_word' id='word_1_19' title='bbox 3639 396 3763 437; x_wconf 91' lang='lat' dir='ltr'>nam</span> 
     </span>
    </p>
   </div>
   <div class='ocr_carea' id='block_1_4' title="bbox 571 468 2219 543">
    <p class='ocr_par' dir='ltr' id='par_1_4' title="bbox 571 468 2219 543">
     <span class='ocr_line' id='line_1_4' title="bbox 571 468 2219 543; baseline -0.005 -14"><span class='ocrx_word' id='word_1_20' title='bbox 571 473 809 540; x_wconf 81' lang='lat' dir='ltr'>hilares,</span> <span class='ocrx_word' id='word_1_21' title='bbox 845 470 1169 543; x_wconf 80' lang='lat' dir='ltr'>taliumque</span> <span class='ocrx_word' id='word_1_22' title='bbox 1196 486 1446 526; x_wconf 85' lang='lat' dir='ltr'>casuum</span> <span class='ocrx_word' id='word_1_23' title='bbox 1477 474 1691 526; x_wconf 89' lang='lat' dir='ltr'>eventu</span> <span class='ocrx_word' id='word_1_24' title='bbox 1719 485 1821 525; x_wconf 92' lang='lat' dir='ltr'>eos</span> <span class='ocrx_word' id='word_1_25' title='bbox 1847 468 2219 532; x_wconf 90' lang='lat' dir='ltr'>adamantes,</span> 
     </span>
    </p>
   </div>
   <div class='ocr_carea' id='block_1_5' title="bbox 571 557 2222 635">
    <p class='ocr_par' dir='ltr' id='par_1_5' title="bbox 571 557 2222 635">
     <span class='ocr_line' id='line_1_5' title="bbox 571 557 2222 635; baseline -0.005 -18"><span class='ocrx_word' id='word_1_26' title='bbox 571 560 1086 635; x_wconf 86' lang='lat' dir='ltr'>persequebantur</span> <span class='ocrx_word' id='word_1_27' title='bbox 1114 575 1215 614; x_wconf 92' lang='lat' dir='ltr'>eos</span> <span class='ocrx_word' id='word_1_28' title='bbox 1237 558 1540 614; x_wconf 84' lang='lat' dir='ltr'>hostiliter.</span> <span class='ocrx_word' id='word_1_29' title='bbox 1575 557 1843 612; x_wconf 85' lang='lat' dir='ltr'>Tandem</span> <span class='ocrx_word' id='word_1_30' title='bbox 1868 572 2009 611; x_wconf 89' lang='lat' dir='ltr'>vero</span> <span class='ocrx_word' id='word_1_31' title='bbox 2033 569 2222 626; x_wconf 89' lang='lat' dir='ltr'>nepos</span> 
     </span>
    </p>
   </div>
   <div class='ocr_carea' id='block_1_6' title="bbox 571 642 2216 719">
    <p class='ocr_par' dir='ltr' id='par_1_6' title="bbox 571 642 2216 719">
     <span class='ocr_line' id='line_1_6' title="bbox 571 642 2216 719; baseline -0.004 -16"><span class='ocrx_word' id='word_1_32' title='bbox 571 649 725 719; x_wconf 90' lang='lat' dir='ltr'>regis</span> <span class='ocrx_word' id='word_1_33' title='bbox 755 663 1107 717; x_wconf 89' lang='lat' dir='ltr'>congressus</span> <span class='ocrx_word' id='word_1_34' title='bbox 1138 662 1317 719; x_wconf 86' lang='lat' dir='ltr'>super</span> <span class='ocrx_word' id='word_1_35' title='bbox 1338 651 1584 719; x_wconf 92' lang='lat' dir='ltr'>pontem</span> <span class='ocrx_word' id='word_1_36' title='bbox 1607 649 1793 718; x_wconf 77' lang='lat' dir='ltr'>portae</span> <span class='ocrx_word' id='word_1_37' title='bbox 1826 642 2216 708; x_wconf 90' lang='lat' dir='ltr'>Belvacensis,</span> 
     </span>
    </p>
   </div>
   <div class='ocr_carea' id='block_1_7' title="bbox 569 732 2219 810">
    <p class='ocr_par' dir='ltr' id='par_1_7' title="bbox 569 732 2219 810">
     <span class='ocr_line' id='line_1_7' title="bbox 569 732 2219 810; baseline -0.004 -17"><span class='ocrx_word' id='word_1_38' title='bbox 569 736 822 810; x_wconf 87' lang='lat' dir='ltr'>putabat</span> <span class='ocrx_word' id='word_1_39' title='bbox 849 751 1191 808; x_wconf 89' lang='lat' dir='ltr'>expugnare</span> <span class='ocrx_word' id='word_1_40' title='bbox 1213 736 1434 792; x_wconf 75' lang='lat' dir='ltr'>moenia</span> <span class='ocrx_word' id='word_1_41' title='bbox 1451 735 1635 791; x_wconf 89' lang='lat' dir='ltr'>urbis.</span> <span class='ocrx_word' id='word_1_42' title='bbox 1666 732 2054 790; x_wconf 87' lang='lat' dir='ltr'>Northmanni</span> <span class='ocrx_word' id='word_1_43' title='bbox 2078 748 2219 787; x_wconf 89' lang='lat' dir='ltr'>vero</span> 
     </span>
    </p>
   </div>
   <div class='ocr_carea' id='block_1_8' title="bbox 568 824 2220 901">
    <p class='ocr_par' dir='ltr' id='par_1_8' title="bbox 568 824 2220 901">
     <span class='ocr_line' id='line_1_8' title="bbox 568 824 2220 901; baseline -0.004 -19"><span class='ocrx_word' id='word_1_44' title='bbox 568 825 705 882; x_wconf 91' lang='lat' dir='ltr'>hinc</span> <span class='ocrx_word' id='word_1_45' title='bbox 736 825 874 901; x_wconf 84' lang='lat' dir='ltr'>inde</span> <span class='ocrx_word' id='word_1_46' title='bbox 904 824 1115 881; x_wconf 87' lang='lat' dir='ltr'>armati</span> <span class='ocrx_word' id='word_1_47' title='bbox 1169 824 1641 895; x_wconf 82' lang='lat' dir='ltr'>congredientes,</span> <span class='ocrx_word' id='word_1_48' title='bbox 1700 828 1757 879; x_wconf 92' lang='lat' dir='ltr'>et</span> <span class='ocrx_word' id='word_1_49' title='bbox 1812 838 1990 896; x_wconf 89' lang='lat' dir='ltr'>super</span> <span class='ocrx_word' id='word_1_50' title='bbox 2026 838 2126 877; x_wconf 90' lang='lat' dir='ltr'>eos</span> <span class='ocrx_word' id='word_1_51' title='bbox 2156 824 2220 876; x_wconf 90' lang='lat' dir='ltr'>ut</span> 
     </span>
    </p>
   </div>
   <div class='ocr_carea' id='block_1_9' title="bbox 566 913 2218 987">
    <p class='ocr_par' dir='ltr' id='par_1_9' title="bbox 566 913 2218 987">
     <span class='ocr_line' id='line_1_9' title="bbox 566 913 2218 987; baseline -0.004 -17"><span class='ocrx_word' id='word_1_52' title='bbox 566 915 768 970; x_wconf 87' lang='lat' dir='ltr'>leones</span> <span class='ocrx_word' id='word_1_53' title='bbox 825 931 1002 987; x_wconf 90' lang='lat' dir='ltr'>super</span> <span class='ocrx_word' id='word_1_54' title='bbox 1050 914 1312 986; x_wconf 87' lang='lat' dir='ltr'>pecudes</span> <span class='ocrx_word' id='word_1_55' title='bbox 1366 913 1721 981; x_wconf 90' lang='lat' dir='ltr'>exsilientes,</span> <span class='ocrx_word' id='word_1_56' title='bbox 1763 915 2071 984; x_wconf 81' lang='lat' dir='ltr'>coeperunt</span> <span class='ocrx_word' id='word_1_57' title='bbox 2117 926 2218 965; x_wconf 92' lang='lat' dir='ltr'>eos</span> 
     </span>
    </p>
   </div>
   <div class='ocr_carea' id='block_1_10' title="bbox 566 999 2218 1074">
    <p class='ocr_par' dir='ltr' id='par_1_10' title="bbox 566 999 2218 1074">
     <span class='ocr_line' id='line_1_10' title="bbox 566 999 2218 1074; baseline -0.003 -15"><span class='ocrx_word' id='word_1_58' title='bbox 566 1002 827 1059; x_wconf 91' lang='lat' dir='ltr'>lacerare</span> <span class='ocrx_word' id='word_1_59' title='bbox 856 1007 1316 1074; x_wconf 83' lang='lat' dir='ltr'>prosternentes,</span> <span class='ocrx_word' id='word_1_60' title='bbox 1349 1006 1405 1057; x_wconf 91' lang='lat' dir='ltr'>et</span> <span class='ocrx_word' id='word_1_61' title='bbox 1429 1001 1695 1057; x_wconf 92' lang='lat' dir='ltr'>occidere</span> <span class='ocrx_word' id='word_1_62' title='bbox 1742 1001 1869 1056; x_wconf 88' lang='lat' dir='ltr'>telis</span> <span class='ocrx_word' id='word_1_63' title='bbox 1918 999 2218 1056; x_wconf 90' lang='lat' dir='ltr'>mucroni-</span> 
     </span>
    </p>
   </div>
   <div class='ocr_carea' id='block_1_11' title="bbox 566 1090 2221 1163">
    <p class='ocr_par' dir='ltr' id='par_1_11' title="bbox 566 1090 2221 1163">
     <span class='ocr_line' id='line_1_11' title="bbox 566 1090 2221 1163; baseline -0.002 -16"><span class='ocrx_word' id='word_1_64' title='bbox 566 1091 801 1163; x_wconf 89' lang='lat' dir='ltr'>busque</span> <span class='ocrx_word' id='word_1_65' title='bbox 836 1090 1116 1160; x_wconf 89' lang='lat' dir='ltr'>coruscis,</span> <span class='ocrx_word' id='word_1_66' title='bbox 1149 1095 1328 1163; x_wconf 89' lang='lat' dir='ltr'>atque</span> <span class='ocrx_word' id='word_1_67' title='bbox 1384 1090 1721 1163; x_wconf 88' lang='lat' dir='ltr'>discerpere</span> <span class='ocrx_word' id='word_1_68' title='bbox 1775 1090 2101 1156; x_wconf 87' lang='lat' dir='ltr'>securibus,</span> <span class='ocrx_word' id='word_1_69' title='bbox 2156 1092 2221 1144; x_wconf 93' lang='lat' dir='ltr'>ut</span> 
     </span>
    </p>
   </div>
   <div class='ocr_carea' id='block_1_12' title="bbox 566 1178 2215 1251">
    <p class='ocr_par' dir='ltr' id='par_1_12' title="bbox 566 1178 2215 1251">
     <span class='ocr_line' id='line_1_12' title="bbox 566 1178 2215 1251; baseline -0.002 -16"><span class='ocrx_word' id='word_1_70' title='bbox 566 1180 836 1236; x_wconf 88' lang='lat' dir='ltr'>bidentes</span> <span class='ocrx_word' id='word_1_71' title='bbox 891 1179 1035 1251; x_wconf 91' lang='lat' dir='ltr'>lupi.</span> <span class='ocrx_word' id='word_1_72' title='bbox 1093 1178 1257 1235; x_wconf 88' lang='lat' dir='ltr'>Multi</span> <span class='ocrx_word' id='word_1_73' title='bbox 1307 1195 1448 1235; x_wconf 89' lang='lat' dir='ltr'>vero</span> <span class='ocrx_word' id='word_1_74' title='bbox 1505 1179 1841 1235; x_wconf 81' lang='lat' dir='ltr'>Saxonibus</span> <span class='ocrx_word' id='word_1_75' title='bbox 1879 1178 2215 1245; x_wconf 84' lang='lat' dir='ltr'>interfectis,</span> 
     </span>
    </p>
   </div>
   <div class='ocr_carea' id='block_1_13' title="bbox 568 1267 2219 1342">
    <p class='ocr_par' dir='ltr' id='par_1_13' title="bbox 568 1267 2219 1342">
     <span class='ocr_line' id='line_1_13' title="bbox 568 1267 2219 1342; baseline -0.002 -18"><span class='ocrx_word' id='word_1_76' title='bbox 568 1268 960 1342; x_wconf 88' lang='lat' dir='ltr'>pluribusque</span> <span class='ocrx_word' id='word_1_77' title='bbox 986 1267 1195 1324; x_wconf 89' lang='lat' dir='ltr'>attritis</span> <span class='ocrx_word' id='word_1_78' title='bbox 1228 1272 1283 1323; x_wconf 92' lang='lat' dir='ltr'>et</span> <span class='ocrx_word' id='word_1_79' title='bbox 1309 1267 1652 1335; x_wconf 87' lang='lat' dir='ltr'>vulneratis,</span> <span class='ocrx_word' id='word_1_80' title='bbox 1675 1268 2016 1337; x_wconf 81' lang='lat' dir='ltr'>defungitur</span> <span class='ocrx_word' id='word_1_81' title='bbox 2041 1282 2219 1339; x_wconf 89' lang='lat' dir='ltr'>super</span> 
     </span>
    </p>
   </div>
   <div class='ocr_carea' id='block_1_14' title="bbox 568 1355 2219 1430">
    <p class='ocr_par' dir='ltr' id='par_1_14' title="bbox 568 1355 2219 1430">
     <span class='ocr_line' id='line_1_14' title="bbox 568 1355 2219 1430; baseline -0.002 -17"><span class='ocrx_word' id='word_1_82' title='bbox 568 1363 811 1430; x_wconf 90' lang='lat' dir='ltr'>pontem</span> <span class='ocrx_word' id='word_1_83' title='bbox 838 1356 1228 1412; x_wconf 86' lang='lat' dir='ltr'>mucronibus</span> <span class='ocrx_word' id='word_1_84' title='bbox 1259 1361 1315 1412; x_wconf 92' lang='lat' dir='ltr'>et</span> <span class='ocrx_word' id='word_1_85' title='bbox 1351 1355 1574 1411; x_wconf 90' lang='lat' dir='ltr'>lanceis</span> <span class='ocrx_word' id='word_1_86' title='bbox 1604 1372 1793 1427; x_wconf 89' lang='lat' dir='ltr'>nepos</span> <span class='ocrx_word' id='word_1_87' title='bbox 1846 1356 2019 1426; x_wconf 86' lang='lat' dir='ltr'>regis.</span> <span class='ocrx_word' id='word_1_88' title='bbox 2074 1358 2219 1410; x_wconf 90' lang='lat' dir='ltr'>Tan-</span> 
     </span>
    </p>
   </div>
   <div class='ocr_carea' id='block_1_15' title="bbox 568 1444 2218 1518">
    <p class='ocr_par' dir='ltr' id='par_1_15' title="bbox 568 1444 2218 1518">
     <span class='ocr_line' id='line_1_15' title="bbox 568 1444 2218 1518; baseline -0.003 -16"><span class='ocrx_word' id='word_1_89' title='bbox 568 1447 706 1502; x_wconf 90' lang='lat' dir='ltr'>dem</span> <span class='ocrx_word' id='word_1_90' title='bbox 738 1445 1127 1502; x_wconf 86' lang='lat' dir='ltr'>Northmanni</span> <span class='ocrx_word' id='word_1_91' title='bbox 1174 1445 1421 1501; x_wconf 88' lang='lat' dir='ltr'>victoria</span> <span class='ocrx_word' id='word_1_92' title='bbox 1466 1445 1655 1517; x_wconf 90' lang='lat' dir='ltr'>potiti,</span> <span class='ocrx_word' id='word_1_93' title='bbox 1710 1446 1952 1518; x_wconf 90' lang='lat' dir='ltr'>capiunt</span> <span class='ocrx_word' id='word_1_94' title='bbox 1998 1444 2218 1500; x_wconf 91' lang='lat' dir='ltr'>multos</span> 
     </span>
    </p>
   </div>
   <div class='ocr_carea' id='block_1_16' title="bbox 567 1532 2217 1608">
    <p class='ocr_par' dir='ltr' id='par_1_16' title="bbox 567 1532 2217 1608">
     <span class='ocr_line' id='line_1_16' title="bbox 567 1532 2217 1608; baseline -0.001 -19"><span class='ocrx_word' id='word_1_95' title='bbox 567 1534 905 1608; x_wconf 88' lang='lat' dir='ltr'>principum</span> <span class='ocrx_word' id='word_1_96' title='bbox 935 1534 995 1589; x_wconf 92' lang='lat' dir='ltr'>in</span> <span class='ocrx_word' id='word_1_97' title='bbox 1026 1534 1305 1589; x_wconf 88' lang='lat' dir='ltr'>conﬂictu</span> <span class='ocrx_word' id='word_1_98' title='bbox 1344 1533 1626 1589; x_wconf 87' lang='lat' dir='ltr'>mortiferi</span> <span class='ocrx_word' id='word_1_99' title='bbox 1655 1534 2011 1590; x_wconf 89' lang='lat' dir='ltr'>certaminis.</span> <span class='ocrx_word' id='word_1_100' title='bbox 2068 1532 2217 1588; x_wconf 85' lang='lat' dir='ltr'>Reli-</span> 
     </span>
    </p>
   </div>
   <div class='ocr_carea' id='block_1_17' title="bbox 567 1623 2219 1697">
    <p class='ocr_par' dir='ltr' id='par_1_17' title="bbox 567 1623 2219 1697">
     <span class='ocr_line' id='line_1_17' title="bbox 567 1623 2219 1697; baseline -0.001 -18"><span class='ocrx_word' id='word_1_101' title='bbox 567 1624 670 1697; x_wconf 88' lang='lat' dir='ltr'>qui</span> <span class='ocrx_word' id='word_1_102' title='bbox 698 1640 837 1679; x_wconf 91' lang='lat' dir='ltr'>vero</span> <span class='ocrx_word' id='word_1_103' title='bbox 865 1626 1129 1679; x_wconf 83' lang='lat' dir='ltr'>Saxones</span> <span class='ocrx_word' id='word_1_104' title='bbox 1162 1628 1442 1696; x_wconf 90' lang='lat' dir='ltr'>nepotem</span> <span class='ocrx_word' id='word_1_105' title='bbox 1491 1623 1645 1691; x_wconf 90' lang='lat' dir='ltr'>regis</span> <span class='ocrx_word' id='word_1_106' title='bbox 1700 1629 2001 1679; x_wconf 88' lang='lat' dir='ltr'>mortuum</span> <span class='ocrx_word' id='word_1_107' title='bbox 2041 1639 2219 1695; x_wconf 90' lang='lat' dir='ltr'>super</span> 
     </span>
    </p>
   </div>
   <div class='ocr_carea' id='block_1_18' title="bbox 2328 470 3766 545">
    <p class='ocr_par' dir='ltr' id='par_1_18' title="bbox 2328 470 3766 545">
     <span class='ocr_line' id='line_1_18' title="bbox 2328 470 3766 545; baseline 0.001 -21"><span class='ocrx_word' id='word_1_108' title='bbox 2328 474 2416 525; x_wconf 93' lang='lat' dir='ltr'>est</span> <span class='ocrx_word' id='word_1_109' title='bbox 2444 471 2589 527; x_wconf 88' lang='lat' dir='ltr'>mihi</span> <span class='ocrx_word' id='word_1_110' title='bbox 2614 472 2886 544; x_wconf 72' lang='lat' dir='ltr'>praescire</span> <span class='ocrx_word' id='word_1_111' title='bbox 2916 471 3062 544; x_wconf 90' lang='lat' dir='ltr'>quid</span> <span class='ocrx_word' id='word_1_112' title='bbox 3093 471 3394 540; x_wconf 87' lang='lat' dir='ltr'>agendum</span> <span class='ocrx_word' id='word_1_113' title='bbox 3413 471 3469 526; x_wconf 88' lang='lat' dir='ltr'>sit</span> <span class='ocrx_word' id='word_1_114' title='bbox 3496 470 3543 526; x_wconf 88' lang='lat' dir='ltr'>in</span> <span class='ocrx_word' id='word_1_115' title='bbox 3579 474 3685 527; x_wconf 85' lang='lat' dir='ltr'>tam</span> <span class='ocrx_word' id='word_1_116' title='bbox 3716 488 3766 545; x_wconf 81' lang='lat' dir='ltr'>pt</span> 
     </span>
    </p>
   </div>
   <div class='ocr_carea' id='block_1_19' title="bbox 2328 558 3766 633">
    <p class='ocr_par' dir='ltr' id='par_1_19' title="bbox 2328 558 3766 633">
     <span class='ocr_line' id='line_1_19' title="bbox 2328 558 3766 633; baseline 0.001 -20"><span class='ocrx_word' id='word_1_117' title='bbox 2328 558 2453 615; x_wconf 89' lang='lat' dir='ltr'>fera</span> <span class='ocrx_word' id='word_1_118' title='bbox 2507 560 2760 616; x_wconf 90' lang='lat' dir='ltr'>tristium</span> <span class='ocrx_word' id='word_1_119' title='bbox 2815 566 3133 617; x_wconf 89' lang='lat' dir='ltr'>eventuum</span> <span class='ocrx_word' id='word_1_120' title='bbox 3187 576 3517 633; x_wconf 88' lang='lat' dir='ltr'>casuumque</span> <span class='ocrx_word' id='word_1_121' title='bbox 3554 561 3766 616; x_wconf 64' lang='lat' dir='ltr'>conti-itit</span> 
     </span>
    </p>
   </div>
   <div class='ocr_carea' id='block_1_20' title="bbox 2326 650 3766 722">
    <p class='ocr_par' dir='ltr' id='par_1_20' title="bbox 2326 650 3766 722">
     <span class='ocr_line' id='line_1_20' title="bbox 2326 650 3766 722; baseline 0.002 -19"><span class='ocrx_word' id='word_1_122' title='bbox 2326 650 2462 719; x_wconf 82' lang='lat' dir='ltr'>Vos,</span> <span class='ocrx_word' id='word_1_123' title='bbox 2495 650 2598 721; x_wconf 89' lang='lat' dir='ltr'>qui</span> <span class='ocrx_word' id='word_1_124' title='bbox 2627 656 2769 705; x_wconf 92' lang='lat' dir='ltr'>natu</span> <span class='ocrx_word' id='word_1_125' title='bbox 2802 666 3102 722; x_wconf 87' lang='lat' dir='ltr'>sensuque</span> <span class='ocrx_word' id='word_1_126' title='bbox 3132 650 3392 720; x_wconf 89' lang='lat' dir='ltr'>majores</span> <span class='ocrx_word' id='word_1_127' title='bbox 3414 650 3766 722; x_wconf 87' lang='lat' dir='ltr'>estis,quorum</span> 
     </span>
    </p>
   </div>
   <div class='ocr_carea' id='block_1_21' title="bbox 2328 737 3765 811">
    <p class='ocr_par' dir='ltr' id='par_1_21' title="bbox 2328 737 3765 811">
     <span class='ocr_line' id='line_1_21' title="bbox 2328 737 3765 811; baseline 0 -18"><span class='ocrx_word' id='word_1_128' title='bbox 2328 738 2576 793; x_wconf 90' lang='lat' dir='ltr'>consilio</span> <span class='ocrx_word' id='word_1_129' title='bbox 2606 754 2741 811; x_wconf 71' lang='lat' dir='ltr'>quae</span> <span class='ocrx_word' id='word_1_130' title='bbox 2772 738 3155 811; x_wconf 90' lang='lat' dir='ltr'>exsequenda</span> <span class='ocrx_word' id='word_1_131' title='bbox 3185 743 3323 793; x_wconf 90' lang='lat' dir='ltr'>sunt</span> <span class='ocrx_word' id='word_1_132' title='bbox 3350 737 3580 805; x_wconf 89' lang='lat' dir='ltr'>delibero,</span> <span class='ocrx_word' id='word_1_133' title='bbox 3608 745 3765 794; x_wconf 91' lang='lat' dir='ltr'>cunct</span> 
     </span>
    </p>
   </div>
   <div class='ocr_carea' id='block_1_22' title="bbox 2329 826 3766 897">
    <p class='ocr_par' dir='ltr' id='par_1_22' title="bbox 2329 826 3766 897">
     <span class='ocr_line' id='line_1_22' title="bbox 2329 826 3766 897; baseline 0.001 -16"><span class='ocrx_word' id='word_1_134' title='bbox 2329 826 2461 897; x_wconf 88' lang='lat' dir='ltr'>gaci</span> <span class='ocrx_word' id='word_1_135' title='bbox 2488 827 2731 882; x_wconf 61' lang='lat' dir='ltr'>internae</span> <span class='ocrx_word' id='word_1_136' title='bbox 2756 827 3152 883; x_wconf 87' lang='lat' dir='ltr'>meditationis</span> <span class='ocrx_word' id='word_1_137' title='bbox 3179 826 3427 897; x_wconf 88' lang='lat' dir='ltr'>cogitatu</span> <span class='ocrx_word' id='word_1_138' title='bbox 3450 827 3719 897; x_wconf 79' lang='lat' dir='ltr'>rimamini,</span> <span class='ocrx_word' id='word_1_139' title='bbox 3755 846 3766 882; x_wconf 83' lang='lat' dir='ltr'>t</span> 
     </span>
    </p>
   </div>
   <div class='ocr_carea' id='block_1_23' title="bbox 2326 914 3766 988">
    <p class='ocr_par' dir='ltr' id='par_1_23' title="bbox 2326 914 3766 988">
     <span class='ocr_line' id='line_1_23' title="bbox 2326 914 3766 988; baseline 0.002 -19"><span class='ocrx_word' id='word_1_140' title='bbox 2326 920 2555 986; x_wconf 89' lang='lat' dir='ltr'>oportet</span> <span class='ocrx_word' id='word_1_141' title='bbox 2584 916 2959 971; x_wconf 77' lang='lat' dir='ltr'>laudabiliter</span> <span class='ocrx_word' id='word_1_142' title='bbox 2989 915 3252 988; x_wconf 83' lang='lat' dir='ltr'>exsequi.</span> <span class='ocrx_word' id='word_1_143' title='bbox 3305 914 3601 986; x_wconf 81' lang='lat' dir='ltr'>Maleﬁcum,</span> <span class='ocrx_word' id='word_1_144' title='bbox 3647 917 3694 971; x_wconf 90' lang='lat' dir='ltr'>si</span> <span class='ocrx_word' id='word_1_145' title='bbox 3734 934 3766 972; x_wconf 85' lang='lat' dir='ltr'>v</span> 
     </span>
    </p>
   </div>
   <div class='ocr_carea' id='block_1_24' title="bbox 2326 1002 3766 1076">
    <p class='ocr_par' dir='ltr' id='par_1_24' title="bbox 2326 1002 3766 1076">
     <span class='ocr_line' id='line_1_24' title="bbox 2326 1002 3766 1076; baseline 0.001 -18"><span class='ocrx_word' id='word_1_146' title='bbox 2326 1002 2539 1075; x_wconf 89' lang='lat' dir='ltr'>placet,</span> <span class='ocrx_word' id='word_1_147' title='bbox 2573 1005 2907 1076; x_wconf 90' lang='lat' dir='ltr'>sophistam</span> <span class='ocrx_word' id='word_1_148' title='bbox 2938 1004 3173 1076; x_wconf 91' lang='lat' dir='ltr'>capiam</span> <span class='ocrx_word' id='word_1_149' title='bbox 3208 1003 3511 1073; x_wconf 78' lang='lat' dir='ltr'>Arnulfum,</span> <span class='ocrx_word' id='word_1_150' title='bbox 3554 1004 3766 1061; x_wconf 82' lang='lat' dir='ltr'>vincturi</span> 
     </span>
    </p>
   </div>
   <div class='ocr_carea' id='block_1_25' title="bbox 2326 1092 3766 1160">
    <p class='ocr_par' dir='ltr' id='par_1_25' title="bbox 2326 1092 3766 1160">
     <span class='ocr_line' id='line_1_25' title="bbox 2326 1092 3766 1160; baseline 0 -14"><span class='ocrx_word' id='word_1_151' title='bbox 2326 1092 2549 1147; x_wconf 85' lang='lat' dir='ltr'>catenis</span> <span class='ocrx_word' id='word_1_152' title='bbox 2580 1093 2870 1149; x_wconf 84' lang='lat' dir='ltr'>Richardo</span> <span class='ocrx_word' id='word_1_153' title='bbox 2902 1092 3100 1149; x_wconf 86' lang='lat' dir='ltr'>comiti</span> <span class='ocrx_word' id='word_1_154' title='bbox 3131 1092 3363 1149; x_wconf 90' lang='lat' dir='ltr'>mittam</span> <span class='ocrx_word' id='word_1_155' title='bbox 3393 1109 3536 1160; x_wconf 90' lang='lat' dir='ltr'>eum;</span> <span class='ocrx_word' id='word_1_156' title='bbox 3573 1098 3629 1149; x_wconf 87' lang='lat' dir='ltr'>ut</span> <span class='ocrx_word' id='word_1_157' title='bbox 3668 1094 3766 1150; x_wconf 83' lang='lat' dir='ltr'>vim</span> 
     </span>
    </p>
   </div>
   <div class='ocr_carea' id='block_1_26' title="bbox 2324 1180 3757 1254">
    <p class='ocr_par' dir='ltr' id='par_1_26' title="bbox 2324 1180 3757 1254">
     <span class='ocr_line' id='line_1_26' title="bbox 2324 1180 3757 1254; baseline 0.001 -18"><span class='ocrx_word' id='word_1_158' title='bbox 2324 1181 2398 1236; x_wconf 90' lang='lat' dir='ltr'>de</span> <span class='ocrx_word' id='word_1_159' title='bbox 2420 1198 2491 1236; x_wconf 94' lang='lat' dir='ltr'>eo</span> <span class='ocrx_word' id='word_1_160' title='bbox 2522 1186 2751 1253; x_wconf 86' lang='lat' dir='ltr'>patrem</span> <span class='ocrx_word' id='word_1_161' title='bbox 2777 1198 2973 1248; x_wconf 89' lang='lat' dir='ltr'>suum,</span> <span class='ocrx_word' id='word_1_162' title='bbox 3006 1180 3149 1254; x_wconf 92' lang='lat' dir='ltr'>quia</span> <span class='ocrx_word' id='word_1_163' title='bbox 3174 1180 3545 1237; x_wconf 87' lang='lat' dir='ltr'>fraudulenter</span> <span class='ocrx_word' id='word_1_164' title='bbox 3582 1184 3757 1253; x_wconf 84' lang='lat' dir='ltr'>coegit</span> 
     </span>
    </p>
   </div>
   <div class='ocr_carea' id='block_1_27' title="bbox 2329 1269 3741 1343">
    <p class='ocr_par' dir='ltr' id='par_1_27' title="bbox 2329 1269 3741 1343">
     <span class='ocr_line' id='line_1_27' title="bbox 2329 1269 3741 1343; baseline 0.001 -18"><span class='ocrx_word' id='word_1_165' title='bbox 2329 1269 2445 1325; x_wconf 89' lang='lat' dir='ltr'>huc</span> <span class='ocrx_word' id='word_1_166' title='bbox 2476 1286 2793 1342; x_wconf 90' lang='lat' dir='ltr'>properare</span> <span class='ocrx_word' id='word_1_167' title='bbox 2824 1275 2880 1325; x_wconf 93' lang='lat' dir='ltr'>et</span> <span class='ocrx_word' id='word_1_168' title='bbox 2906 1286 3108 1339; x_wconf 92' lang='lat' dir='ltr'>regem</span> <span class='ocrx_word' id='word_1_169' title='bbox 3145 1269 3501 1339; x_wconf 88' lang='lat' dir='ltr'>Ludovicum,</span> <span class='ocrx_word' id='word_1_170' title='bbox 3524 1271 3741 1343; x_wconf 89' lang='lat' dir='ltr'>cupiens</span> 
     </span>
    </p>
   </div>
   <div class='ocr_carea' id='block_1_28' title="bbox 2325 1356 3763 1431">
    <p class='ocr_par' dir='ltr' id='par_1_28' title="bbox 2325 1356 3763 1431">
     <span class='ocr_line' id='line_1_28' title="bbox 2325 1356 3763 1431; baseline 0.001 -18"><span class='ocrx_word' id='word_1_171' title='bbox 2325 1356 2464 1413; x_wconf 86' lang='lat' dir='ltr'>dere</span> <span class='ocrx_word' id='word_1_172' title='bbox 2490 1357 2707 1413; x_wconf 91' lang='lat' dir='ltr'>ducem</span> <span class='ocrx_word' id='word_1_173' title='bbox 2738 1358 3116 1427; x_wconf 85' lang='lat' dir='ltr'>Richardum,</span> <span class='ocrx_word' id='word_1_174' title='bbox 3151 1363 3214 1414; x_wconf 93' lang='lat' dir='ltr'>ut</span> <span class='ocrx_word' id='word_1_175' title='bbox 3243 1358 3385 1413; x_wconf 92' lang='lat' dir='ltr'>olim</span> <span class='ocrx_word' id='word_1_176' title='bbox 3425 1364 3618 1431; x_wconf 89' lang='lat' dir='ltr'>patrem</span> <span class='ocrx_word' id='word_1_177' title='bbox 3656 1377 3763 1415; x_wconf 91' lang='lat' dir='ltr'>suu</span> 
     </span>
    </p>
   </div>
   <div class='ocr_carea' id='block_1_29' title="bbox 2325 1447 3751 1519">
    <p class='ocr_par' dir='ltr' id='par_1_29' title="bbox 2325 1447 3751 1519">
     <span class='ocr_line' id='line_1_29' title="bbox 2325 1447 3751 1519; baseline 0.001 -16"><span class='ocrx_word' id='word_1_178' title='bbox 2325 1449 2484 1503; x_wconf 90' lang='lat' dir='ltr'>Tunc</span> <span class='ocrx_word' id='word_1_179' title='bbox 2543 1447 2825 1518; x_wconf 54' lang='lat' dir='ltr'>praesules</span> <span class='ocrx_word' id='word_1_180' title='bbox 2873 1453 2929 1502; x_wconf 92' lang='lat' dir='ltr'>et</span> <span class='ocrx_word' id='word_1_181' title='bbox 2980 1447 3296 1519; x_wconf 88' lang='lat' dir='ltr'>optimates</span> <span class='ocrx_word' id='word_1_182' title='bbox 3367 1447 3751 1519; x_wconf 85' lang='lat' dir='ltr'>responderunt</span> 
     </span>
    </p>
   </div>
   <div class='ocr_carea' id='block_1_30' title="bbox 2328 1535 3762 1610">
    <p class='ocr_par' dir='ltr' id='par_1_30' title="bbox 2328 1535 3762 1610">
     <span class='ocr_line' id='line_1_30' title="bbox 2328 1535 3762 1610; baseline 0.001 -19"><span class='ocrx_word' id='word_1_183' title='bbox 2328 1535 2562 1604; x_wconf 88' lang='lat' dir='ltr'>Othoni,</span> <span class='ocrx_word' id='word_1_184' title='bbox 2590 1535 2851 1591; x_wconf 88' lang='lat' dir='ltr'>dicentes</span> <span class='ocrx_word' id='word_1_185' title='bbox 2884 1552 2897 1590; x_wconf 91' lang='lat'><strong>:</strong></span> <span class='ocrx_word' id='word_1_186' title='bbox 2927 1559 2951 1583; x_wconf 77' lang='grc' dir='ltr'>ιι</span> <span class='ocrx_word' id='word_1_187' title='bbox 2989 1536 3360 1591; x_wconf 87' lang='lat' dir='ltr'>Exsecrabile</span> <span class='ocrx_word' id='word_1_188' title='bbox 3381 1537 3574 1591; x_wconf 90' lang='lat' dir='ltr'>cunctis</span> <span class='ocrx_word' id='word_1_189' title='bbox 3597 1542 3762 1610; x_wconf 87' lang='lat' dir='ltr'>atque</span> 
     </span>
    </p>
   </div>
   <div class='ocr_carea' id='block_1_31' title="bbox 2326 1622 3765 1696">
    <p class='ocr_par' dir='ltr' id='par_1_31' title="bbox 2326 1622 3765 1696">
     <span class='ocr_line' id='line_1_31' title="bbox 2326 1622 3765 1696; baseline 0.003 -20"><span class='ocrx_word' id='word_1_190' title='bbox 2326 1622 2588 1694; x_wconf 88' lang='lat' dir='ltr'>perabile</span> <span class='ocrx_word' id='word_1_191' title='bbox 2619 1622 2902 1678; x_wconf 91' lang='lat' dir='ltr'>omnibus</span> <span class='ocrx_word' id='word_1_192' title='bbox 2932 1622 3038 1677; x_wconf 91' lang='lat' dir='ltr'>erit</span> <span class='ocrx_word' id='word_1_193' title='bbox 3068 1623 3113 1677; x_wconf 93' lang='lat' dir='ltr'>si</span> <span class='ocrx_word' id='word_1_194' title='bbox 3144 1624 3422 1695; x_wconf 82' lang='lat' dir='ltr'>capietur,</span> <span class='ocrx_word' id='word_1_195' title='bbox 3462 1624 3606 1696; x_wconf 90' lang='lat' dir='ltr'>sique</span> <span class='ocrx_word' id='word_1_196' title='bbox 3644 1626 3765 1680; x_wconf 79' lang='lat' dir='ltr'>Rict</span> 
     </span>
    </p>
   </div>
   <div class='ocr_carea' id='block_1_32' title="bbox 566 1709 3765 1786">
    <p class='ocr_par' dir='ltr' id='par_1_32' title="bbox 566 1709 3765 1786">
     <span class='ocr_line' id='line_1_32' title="bbox 566 1709 3765 1786; baseline 0 -18"><span class='ocrx_word' id='word_1_197' title='bbox 566 1717 810 1786; x_wconf 89' lang='lat' dir='ltr'>pontem</span> <span class='ocrx_word' id='word_1_198' title='bbox 830 1712 1027 1783; x_wconf 88' lang='lat' dir='ltr'>jacere</span> <span class='ocrx_word' id='word_1_199' title='bbox 1058 1715 1384 1777; x_wconf 91' lang='lat' dir='ltr'>cernentes,</span> <span class='ocrx_word' id='word_1_200' title='bbox 1417 1728 1677 1784; x_wconf 90' lang='lat' dir='ltr'>eumque</span> <span class='ocrx_word' id='word_1_201' title='bbox 1708 1729 1845 1767; x_wconf 91' lang='lat' dir='ltr'>cum</span> <span class='ocrx_word' id='word_1_202' title='bbox 1870 1728 2091 1781; x_wconf 90' lang='lat' dir='ltr'>magno</span> <span class='ocrx_word' id='word_1_203' title='bbox 2112 1711 2219 1766; x_wconf 91' lang='lat' dir='ltr'>im-</span> <span class='ocrx_word' id='word_1_204' title='bbox 2250 1727 2289 1780; x_wconf 80' lang='grc' dir='ltr'>Β</span> <span class='ocrx_word' id='word_1_205' title='bbox 2326 1709 2403 1765; x_wconf 90' lang='lat' dir='ltr'>ad</span> <span class='ocrx_word' id='word_1_206' title='bbox 2435 1710 2807 1782; x_wconf 91' lang='lat' dir='ltr'>puniendum</span> <span class='ocrx_word' id='word_1_207' title='bbox 2859 1711 3137 1766; x_wconf 89' lang='lat' dir='ltr'>mittetur.</span> <span class='ocrx_word' id='word_1_208' title='bbox 3188 1712 3528 1768; x_wconf 88' lang='lat' dir='ltr'>Verecundia</span> <span class='ocrx_word' id='word_1_209' title='bbox 3569 1712 3765 1768; x_wconf 67' lang='lat' dir='ltr'>dedecr</span> 
     </span>
    </p>
   </div>
   <div class='ocr_carea' id='block_1_33' title="bbox 566 1800 2218 1874">
    <p class='ocr_par' dir='ltr' id='par_1_33' title="bbox 566 1800 2218 1874">
     <span class='ocr_line' id='line_1_33' title="bbox 566 1800 2218 1874; baseline -0.002 -17"><span class='ocrx_word' id='word_1_210' title='bbox 566 1807 708 1874; x_wconf 88' lang='lat' dir='ltr'>petu</span> <span class='ocrx_word' id='word_1_211' title='bbox 790 1800 1063 1872; x_wconf 91' lang='lat' dir='ltr'>duroque</span> <span class='ocrx_word' id='word_1_212' title='bbox 1141 1800 1421 1855; x_wconf 89' lang='lat' dir='ltr'>conﬂictu</span> <span class='ocrx_word' id='word_1_213' title='bbox 1472 1800 1788 1871; x_wconf 89' lang='lat' dir='ltr'>rapientes,</span> <span class='ocrx_word' id='word_1_214' title='bbox 1863 1800 2218 1856; x_wconf 87' lang='lat' dir='ltr'>ducentibus</span> 
     </span>
    </p>
   </div>
   <div class='ocr_carea' id='block_1_34' title="bbox 567 1888 2218 1961">
    <p class='ocr_par' dir='ltr' id='par_1_34' title="bbox 567 1888 2218 1961">
     <span class='ocr_line' id='line_1_34' title="bbox 567 1888 2218 1961; baseline -0.002 -15"><span class='ocrx_word' id='word_1_215' title='bbox 567 1889 989 1946; x_wconf 83' lang='lat' dir='ltr'>Northmannis</span> <span class='ocrx_word' id='word_1_216' title='bbox 1019 1888 1312 1961; x_wconf 89' lang='lat' dir='ltr'>plurimos</span> <span class='ocrx_word' id='word_1_217' title='bbox 1341 1888 1580 1943; x_wconf 88' lang='lat' dir='ltr'>illorum</span> <span class='ocrx_word' id='word_1_218' title='bbox 1610 1894 1817 1960; x_wconf 88' lang='lat' dir='ltr'>captos</span> <span class='ocrx_word' id='word_1_219' title='bbox 1875 1889 1953 1945; x_wconf 90' lang='lat' dir='ltr'>ad</span> <span class='ocrx_word' id='word_1_220' title='bbox 1996 1888 2218 1945; x_wconf 72' lang='lat' dir='ltr'>moenia</span> 
     </span>
    </p>
   </div>
   <div class='ocr_carea' id='block_1_35' title="bbox 568 1976 2218 2049">
    <p class='ocr_par' dir='ltr' id='par_1_35' title="bbox 568 1976 2218 2049">
     <span class='ocr_line' id='line_1_35' title="bbox 568 1976 2218 2049; baseline -0.001 -16"><span class='ocrx_word' id='word_1_221' title='bbox 568 1977 751 2045; x_wconf 91' lang='lat' dir='ltr'>urbis,</span> <span class='ocrx_word' id='word_1_222' title='bbox 784 1976 1181 2049; x_wconf 88' lang='lat' dir='ltr'>deportabant</span> <span class='ocrx_word' id='word_1_223' title='bbox 1206 1976 1283 2031; x_wconf 90' lang='lat' dir='ltr'>ad</span> <span class='ocrx_word' id='word_1_224' title='bbox 1330 1980 1572 2031; x_wconf 66' lang='lat' dir='ltr'>caeteras</span> <span class='ocrx_word' id='word_1_225' title='bbox 1616 1977 1964 2048; x_wconf 87' lang='lat' dir='ltr'>phalanges.</span> <span class='ocrx_word' id='word_1_226' title='bbox 2011 1977 2218 2045; x_wconf 85' lang='lat' dir='ltr'>Jurgio</span> 
     </span>
    </p>
   </div>
   <div class='ocr_carea' id='block_1_36' title="bbox 568 2063 2220 2137">
    <p class='ocr_par' dir='ltr' id='par_1_36' title="bbox 568 2063 2220 2137">
     <span class='ocr_line' id='line_1_36' title="bbox 568 2063 2220 2137; baseline -0.002 -15"><span class='ocrx_word' id='word_1_227' title='bbox 568 2066 703 2122; x_wconf 90' lang='lat' dir='ltr'>duri</span> <span class='ocrx_word' id='word_1_228' title='bbox 758 2064 1092 2137; x_wconf 81' lang='lat' dir='ltr'>prolixique</span> <span class='ocrx_word' id='word_1_229' title='bbox 1143 2063 1329 2136; x_wconf 80' lang='lat' dir='ltr'>praelii</span> <span class='ocrx_word' id='word_1_230' title='bbox 1385 2064 1574 2120; x_wconf 89' lang='lat' dir='ltr'>taliter</span> <span class='ocrx_word' id='word_1_231' title='bbox 1629 2066 1915 2135; x_wconf 89' lang='lat' dir='ltr'>sejuncto,</span> <span class='ocrx_word' id='word_1_232' title='bbox 1980 2065 2220 2120; x_wconf 88' lang='lat' dir='ltr'>stabant</span> 
     </span>
    </p>
   </div>
   <div class='ocr_carea' id='block_1_37' title="bbox 568 2151 2214 2219">
    <p class='ocr_par' dir='ltr' id='par_1_37' title="bbox 568 2151 2214 2219">
     <span class='ocr_line' id='line_1_37' title="bbox 568 2151 2214 2219; baseline -0.001 -10"><span class='ocrx_word' id='word_1_233' title='bbox 568 2153 706 2209; x_wconf 91' lang='lat' dir='ltr'>hinc</span> <span class='ocrx_word' id='word_1_234' title='bbox 740 2154 1001 2209; x_wconf 85' lang='lat' dir='ltr'>Saxones</span> <span class='ocrx_word' id='word_1_235' title='bbox 1026 2156 1082 2207; x_wconf 90' lang='lat' dir='ltr'>et</span> <span class='ocrx_word' id='word_1_236' title='bbox 1104 2151 1309 2206; x_wconf 85' lang='lat' dir='ltr'>Franci</span> <span class='ocrx_word' id='word_1_237' title='bbox 1338 2155 1395 2207; x_wconf 90' lang='lat' dir='ltr'>et</span> <span class='ocrx_word' id='word_1_238' title='bbox 1422 2152 1766 2207; x_wconf 86' lang='lat' dir='ltr'>altrinsecus</span> <span class='ocrx_word' id='word_1_239' title='bbox 1806 2153 2214 2219; x_wconf 87' lang='lat' dir='ltr'>Northmanni,</span> 
     </span>
    </p>
   </div>
   <div class='ocr_carea' id='block_1_38' title="bbox 567 2239 2218 2315">
    <p class='ocr_par' dir='ltr' id='par_1_38' title="bbox 567 2239 2218 2315">
     <span class='ocr_line' id='line_1_38' title="bbox 567 2239 2218 2315; baseline -0.001 -17"><span class='ocrx_word' id='word_1_240' title='bbox 567 2258 679 2298; x_wconf 91' lang='lat' dir='ltr'>nec</span> <span class='ocrx_word' id='word_1_241' title='bbox 708 2239 1012 2297; x_wconf 88' lang='lat' dir='ltr'>ambiebat</span> <span class='ocrx_word' id='word_1_242' title='bbox 1040 2256 1185 2310; x_wconf 89' lang='lat' dir='ltr'>gens</span> <span class='ocrx_word' id='word_1_243' title='bbox 1214 2241 1661 2296; x_wconf 87' lang='lat' dir='ltr'>Transrhenana</span> <span class='ocrx_word' id='word_1_244' title='bbox 1696 2242 1952 2315; x_wconf 90' lang='lat' dir='ltr'>amplius</span> <span class='ocrx_word' id='word_1_245' title='bbox 1974 2259 2035 2297; x_wconf 93' lang='lat' dir='ltr'>se</span> <span class='ocrx_word' id='word_1_246' title='bbox 2057 2258 2218 2298; x_wconf 81' lang='lat' dir='ltr'>com-</span> 
     </span>
    </p>
   </div>
   <div class='ocr_carea' id='block_1_39' title="bbox 568 2327 1011 2401">
    <p class='ocr_par' dir='ltr' id='par_1_39' title="bbox 568 2327 1011 2401">
     <span class='ocr_line' id='line_1_39' title="bbox 568 2327 1011 2401; baseline -0.007 -15"><span class='ocrx_word' id='word_1_247' title='bbox 568 2330 817 2386; x_wconf 88' lang='lat' dir='ltr'>miscere</span> <span class='ocrx_word' id='word_1_248' title='bbox 846 2327 1011 2401; x_wconf 90' lang='lat' dir='ltr'>ipsis.</span> 
     </span>
    </p>
   </div>
   <div class='ocr_carea' id='block_1_40' title="bbox 642 2417 2218 2490">
    <p class='ocr_par' dir='ltr' id='par_1_40' title="bbox 642 2417 2218 2490">
     <span class='ocr_line' id='line_1_40' title="bbox 642 2417 2218 2490; baseline 0.001 -15"><span class='ocrx_word' id='word_1_249' title='bbox 642 2423 868 2475; x_wconf 89' lang='lat' dir='ltr'>lnterea</span> <span class='ocrx_word' id='word_1_250' title='bbox 897 2417 1212 2473; x_wconf 66' lang='lat' dir='ltr'>mortiferae</span> <span class='ocrx_word' id='word_1_251' title='bbox 1242 2417 1542 2473; x_wconf 89' lang='lat' dir='ltr'>relationis</span> <span class='ocrx_word' id='word_1_252' title='bbox 1584 2418 1746 2476; x_wconf 89' lang='lat' dir='ltr'>fama</span> <span class='ocrx_word' id='word_1_253' title='bbox 1785 2436 1988 2490; x_wconf 86' lang='lat' dir='ltr'>regem</span> <span class='ocrx_word' id='word_1_254' title='bbox 2039 2421 2218 2478; x_wconf 87' lang='lat' dir='ltr'>Otho-</span> 
     </span>
    </p>
   </div>
   <div class='ocr_carea' id='block_1_41' title="bbox 567 2508 2218 2584">
    <p class='ocr_par' dir='ltr' id='par_1_41' title="bbox 567 2508 2218 2584">
     <span class='ocr_line' id='line_1_41' title="bbox 567 2508 2218 2584; baseline 0.001 -18"><span class='ocrx_word' id='word_1_255' title='bbox 567 2526 728 2576; x_wconf 91' lang='lat' dir='ltr'>nem,</span> <span class='ocrx_word' id='word_1_256' title='bbox 756 2508 1055 2565; x_wconf 90' lang='lat' dir='ltr'>crudelem</span> <span class='ocrx_word' id='word_1_257' title='bbox 1085 2508 1316 2580; x_wconf 90' lang='lat' dir='ltr'>nepotis</span> <span class='ocrx_word' id='word_1_258' title='bbox 1347 2513 1598 2565; x_wconf 92' lang='lat' dir='ltr'>mortem</span> <span class='ocrx_word' id='word_1_259' title='bbox 1651 2510 2031 2581; x_wconf 79' lang='lat' dir='ltr'>denuntians,</span> <span class='ocrx_word' id='word_1_260' title='bbox 2090 2528 2218 2584; x_wconf 88' lang='lat' dir='ltr'>per-</span> 
     </span>
    </p>
   </div>
   <div class='ocr_carea' id='block_1_42' title="bbox 568 2596 2218 2669">
    <p class='ocr_par' dir='ltr' id='par_1_42' title="bbox 568 2596 2218 2669">
     <span class='ocr_line' id='line_1_42' title="bbox 568 2596 2218 2669; baseline 0.001 -16"><span class='ocrx_word' id='word_1_261' title='bbox 568 2596 709 2653; x_wconf 91' lang='lat' dir='ltr'>culit</span> <span class='ocrx_word' id='word_1_262' title='bbox 736 2615 749 2664; x_wconf 88' lang='lat'><strong>;</strong></span> <span class='ocrx_word' id='word_1_263' title='bbox 781 2601 1092 2669; x_wconf 90' lang='lat' dir='ltr'>totumque</span> <span class='ocrx_word' id='word_1_264' title='bbox 1122 2596 1445 2653; x_wconf 91' lang='lat' dir='ltr'>exercitum</span> <span class='ocrx_word' id='word_1_265' title='bbox 1475 2614 1681 2654; x_wconf 92' lang='lat' dir='ltr'>rumor</span> <span class='ocrx_word' id='word_1_266' title='bbox 1712 2600 1854 2655; x_wconf 84' lang='lat' dir='ltr'>tanti</span> <span class='ocrx_word' id='word_1_267' title='bbox 1882 2601 2218 2657; x_wconf 91' lang='lat' dir='ltr'>detrimenti</span> 
     </span>
    </p>
   </div>
   <div class='ocr_carea' id='block_1_43' title="bbox 570 2685 2223 2746">
    <p class='ocr_par' dir='ltr' id='par_1_43' title="bbox 570 2685 2223 2746">
     <span class='ocr_line' id='line_1_43' title="bbox 570 2685 2223 2746; baseline 0.003 -5"><span class='ocrx_word' id='word_1_268' title='bbox 570 2686 960 2743; x_wconf 89' lang='lat' dir='ltr'>conturbavit.</span> <span class='ocrx_word' id='word_1_269' title='bbox 996 2685 1153 2741; x_wconf 85' lang='lat' dir='ltr'>Illico</span> <span class='ocrx_word' id='word_1_270' title='bbox 1184 2686 1522 2742; x_wconf 90' lang='lat' dir='ltr'>communis</span> <span class='ocrx_word' id='word_1_271' title='bbox 1561 2688 1785 2744; x_wconf 88' lang='lat' dir='ltr'>ratione</span> <span class='ocrx_word' id='word_1_272' title='bbox 1840 2690 2069 2746; x_wconf 91' lang='lat' dir='ltr'>consilii</span> <span class='ocrx_word' id='word_1_273' title='bbox 2118 2691 2223 2746; x_wconf 90' lang='lat' dir='ltr'>ho-</span> 
     </span>
    </p>
   </div>
   <div class='ocr_carea' id='block_1_44' title="bbox 570 2773 2221 2848">
    <p class='ocr_par' dir='ltr' id='par_1_44' title="bbox 570 2773 2221 2848">
     <span class='ocr_line' id='line_1_44' title="bbox 570 2773 2221 2848; baseline 0.003 -19"><span class='ocrx_word' id='word_1_274' title='bbox 570 2774 770 2830; x_wconf 90' lang='lat' dir='ltr'>stiliter</span> <span class='ocrx_word' id='word_1_275' title='bbox 798 2774 1141 2830; x_wconf 91' lang='lat' dir='ltr'>invaserunt</span> <span class='ocrx_word' id='word_1_276' title='bbox 1168 2773 1484 2845; x_wconf 87' lang='lat' dir='ltr'>civitatem,</span> <span class='ocrx_word' id='word_1_277' title='bbox 1513 2776 1817 2848; x_wconf 84' lang='lat' dir='ltr'>cupientes</span> <span class='ocrx_word' id='word_1_278' title='bbox 1850 2783 2027 2834; x_wconf 70' lang='lat' dir='ltr'>tanta:</span> <span class='ocrx_word' id='word_1_279' title='bbox 2058 2794 2221 2834; x_wconf 87' lang='lat' dir='ltr'>reve-</span> 
     </span>
    </p>
   </div>
   <div class='ocr_carea' id='block_1_45' title="bbox 568 2860 2220 2933">
    <p class='ocr_par' dir='ltr' id='par_1_45' title="bbox 568 2860 2220 2933">
     <span class='ocr_line' id='line_1_45' title="bbox 568 2860 2220 2933; baseline 0.003 -16"><span class='ocrx_word' id='word_1_280' title='bbox 568 2862 767 2917; x_wconf 78' lang='lat' dir='ltr'>rentiae</span> <span class='ocrx_word' id='word_1_281' title='bbox 793 2860 1031 2932; x_wconf 90' lang='lat' dir='ltr'>juvenis</span> <span class='ocrx_word' id='word_1_282' title='bbox 1060 2861 1361 2917; x_wconf 88' lang='lat' dir='ltr'>vindicare</span> <span class='ocrx_word' id='word_1_283' title='bbox 1393 2865 1767 2933; x_wconf 90' lang='lat' dir='ltr'>sanguinem.</span> <span class='ocrx_word' id='word_1_284' title='bbox 1795 2868 2059 2922; x_wconf 83' lang='lat' dir='ltr'>Saxones</span> <span class='ocrx_word' id='word_1_285' title='bbox 2079 2882 2220 2921; x_wconf 90' lang='lat' dir='ltr'>vero</span> 
     </span>
    </p>
   </div>
   <div class='ocr_carea' id='block_1_46' title="bbox 571 2948 2220 3027">
    <p class='ocr_par' dir='ltr' id='par_1_46' title="bbox 571 2948 2220 3027">
     <span class='ocr_line' id='line_1_46' title="bbox 571 2948 2220 3027; baseline 0.004 -22"><span class='ocrx_word' id='word_1_286' title='bbox 571 2955 629 3006; x_wconf 89' lang='lat' dir='ltr'>et</span> <span class='ocrx_word' id='word_1_287' title='bbox 656 2950 866 3005; x_wconf 89' lang='lat' dir='ltr'>Franci</span> <span class='ocrx_word' id='word_1_288' title='bbox 894 2948 1041 3004; x_wconf 90' lang='lat' dir='ltr'>nihil</span> <span class='ocrx_word' id='word_1_289' title='bbox 1069 2949 1223 3004; x_wconf 90' lang='lat' dir='ltr'>circa</span> <span class='ocrx_word' id='word_1_290' title='bbox 1268 2950 1479 3007; x_wconf 90' lang='lat' dir='ltr'>urbem</span> <span class='ocrx_word' id='word_1_291' title='bbox 1527 2954 1923 3026; x_wconf 88' lang='lat' dir='ltr'>proﬁcientes,</span> <span class='ocrx_word' id='word_1_292' title='bbox 1966 2955 2072 3010; x_wconf 91' lang='lat' dir='ltr'>sed</span> <span class='ocrx_word' id='word_1_293' title='bbox 2110 2971 2220 3027; x_wconf 92' lang='lat' dir='ltr'>pro</span> 
     </span>
    </p>
   </div>
   <div class='ocr_carea' id='block_1_47' title="bbox 571 3038 2293 3130">
    <p class='ocr_par' dir='ltr' id='par_1_47' title="bbox 571 3038 2293 3130">
     <span class='ocr_line' id='line_1_47' title="bbox 571 3038 2293 3130; baseline 0.004 -37"><span class='ocrx_word' id='word_1_294' title='bbox 571 3038 846 3112; x_wconf 85' lang='lat' dir='ltr'>plurimis</span> <span class='ocrx_word' id='word_1_295' title='bbox 868 3053 1113 3093; x_wconf 88' lang='lat' dir='ltr'>suorum</span> <span class='ocrx_word' id='word_1_296' title='bbox 1139 3038 1500 3096; x_wconf 89' lang='lat' dir='ltr'>exercituum</span> <span class='ocrx_word' id='word_1_297' title='bbox 1539 3043 1751 3097; x_wconf 91' lang='lat' dir='ltr'>occisis</span> <span class='ocrx_word' id='word_1_298' title='bbox 1795 3044 2050 3099; x_wconf 83' lang='lat' dir='ltr'>nimium</span> <span class='ocrx_word' id='word_1_299' title='bbox 2100 3044 2224 3114; x_wconf 91' lang='lat' dir='ltr'>eju-</span> <span class='ocrx_word' id='word_1_300' title='bbox 2253 3076 2293 3130; x_wconf 64' lang='grc' dir='ltr'><strong>ρ</strong></span> 
     </span>
    </p>
   </div>
   <div class='ocr_carea' id='block_1_48' title="bbox 572 3126 2223 3199">
    <p class='ocr_par' dir='ltr' id='par_1_48' title="bbox 572 3126 2223 3199">
     <span class='ocr_line' id='line_1_48' title="bbox 572 3126 2223 3199; baseline 0.004 -16"><span class='ocrx_word' id='word_1_301' title='bbox 572 3128 782 3195; x_wconf 89' lang='lat' dir='ltr'>lantes,</span> <span class='ocrx_word' id='word_1_302' title='bbox 810 3126 1255 3183; x_wconf 90' lang='lat' dir='ltr'>revertebantur</span> <span class='ocrx_word' id='word_1_303' title='bbox 1283 3128 1361 3185; x_wconf 91' lang='lat' dir='ltr'>ad</span> <span class='ocrx_word' id='word_1_304' title='bbox 1389 3134 1602 3199; x_wconf 89' lang='lat' dir='ltr'>castra,</span> <span class='ocrx_word' id='word_1_305' title='bbox 1654 3130 2072 3189; x_wconf 87' lang='lat' dir='ltr'>defunctorum</span> <span class='ocrx_word' id='word_1_306' title='bbox 2128 3149 2223 3190; x_wconf 90' lang='lat' dir='ltr'>ca-</span> 
     </span>
    </p>
   </div>
   <div class='ocr_carea' id='block_1_49' title="bbox 574 3216 2223 3294">
    <p class='ocr_par' dir='ltr' id='par_1_49' title="bbox 574 3216 2223 3294">
     <span class='ocr_line' id='line_1_49' title="bbox 574 3216 2223 3294; baseline 0.003 -22"><span class='ocrx_word' id='word_1_307' title='bbox 574 3217 800 3273; x_wconf 88' lang='lat' dir='ltr'>davera</span> <span class='ocrx_word' id='word_1_308' title='bbox 848 3216 1249 3288; x_wconf 88' lang='lat' dir='ltr'>deportantes.</span> <span class='ocrx_word' id='word_1_309' title='bbox 1310 3220 1547 3292; x_wconf 84' lang='lat' dir='ltr'>Nepotis</span> <span class='ocrx_word' id='word_1_310' title='bbox 1590 3238 1731 3276; x_wconf 87' lang='lat' dir='ltr'>vero</span> <span class='ocrx_word' id='word_1_311' title='bbox 1782 3226 1972 3278; x_wconf 91' lang='lat' dir='ltr'>morte</span> <span class='ocrx_word' id='word_1_312' title='bbox 2012 3222 2223 3294; x_wconf 91' lang='lat' dir='ltr'>hisque</span> 
     </span>
    </p>
   </div>
   <div class='ocr_carea' id='block_1_50' title="bbox 573 3304 2225 3383">
    <p class='ocr_par' dir='ltr' id='par_1_50' title="bbox 573 3304 2225 3383">
     <span class='ocr_line' id='line_1_50' title="bbox 573 3304 2225 3383; baseline 0.003 -22"><span class='ocrx_word' id='word_1_313' title='bbox 573 3304 1179 3378; x_wconf 91' lang='lat' dir='ltr'>inopportunitatibus</span> <span class='ocrx_word' id='word_1_314' title='bbox 1229 3322 1333 3362; x_wconf 92' lang='lat' dir='ltr'>rex</span> <span class='ocrx_word' id='word_1_315' title='bbox 1386 3308 1535 3365; x_wconf 90' lang='lat' dir='ltr'>Otho</span> <span class='ocrx_word' id='word_1_316' title='bbox 1574 3315 1839 3380; x_wconf 68' lang='lat' dir='ltr'>mmstus,</span> <span class='ocrx_word' id='word_1_317' title='bbox 1894 3311 2225 3383; x_wconf 88' lang='lat' dir='ltr'>vidensque</span> 
     </span>
    </p>
   </div>
   <div class='ocr_carea' id='block_1_51' title="bbox 574 3394 2222 3466">
    <p class='ocr_par' dir='ltr' id='par_1_51' title="bbox 574 3394 2222 3466">
     <span class='ocr_line' id='line_1_51' title="bbox 574 3394 2222 3466; baseline 0.003 -17"><span class='ocrx_word' id='word_1_318' title='bbox 574 3394 774 3450; x_wconf 91' lang='lat' dir='ltr'>venire</span> <span class='ocrx_word' id='word_1_319' title='bbox 803 3409 1096 3466; x_wconf 88' lang='lat' dir='ltr'>pagenses</span> <span class='ocrx_word' id='word_1_320' title='bbox 1128 3394 1280 3450; x_wconf 91' lang='lat' dir='ltr'>illius</span> <span class='ocrx_word' id='word_1_321' title='bbox 1310 3400 1476 3452; x_wconf 65' lang='lat' dir='ltr'>terrae</span> <span class='ocrx_word' id='word_1_322' title='bbox 1506 3397 1584 3453; x_wconf 92' lang='lat' dir='ltr'>ad</span> <span class='ocrx_word' id='word_1_323' title='bbox 1616 3397 1826 3453; x_wconf 89' lang='lat' dir='ltr'>urbem</span> <span class='ocrx_word' id='word_1_324' title='bbox 1848 3398 2222 3465; x_wconf 89' lang='lat' dir='ltr'>altrinsecus,</span> 
     </span>
    </p>
   </div>
   <div class='ocr_carea' id='block_1_52' title="bbox 573 3481 2224 3556">
    <p class='ocr_par' dir='ltr' id='par_1_52' title="bbox 573 3481 2224 3556">
     <span class='ocr_line' id='line_1_52' title="bbox 573 3481 2224 3556; baseline 0.002 -18"><span class='ocrx_word' id='word_1_325' title='bbox 573 3481 721 3539; x_wconf 87' lang='lat' dir='ltr'>dixit</span> <span class='ocrx_word' id='word_1_326' title='bbox 747 3482 870 3538; x_wconf 91' lang='lat' dir='ltr'>suis</span> <span class='ocrx_word' id='word_1_327' title='bbox 897 3482 1265 3556; x_wconf 87' lang='lat' dir='ltr'>principibus</span> <span class='ocrx_word' id='word_1_328' title='bbox 1301 3502 1314 3539; x_wconf 90' lang='lat'>:</span> <span class='ocrx_word' id='word_1_329' title='bbox 1350 3506 1376 3534; x_wconf 88' lang='grc'>‹‹</span> <span class='ocrx_word' id='word_1_330' title='bbox 1410 3488 1679 3541; x_wconf 88' lang='lat' dir='ltr'>Potestne</span> <span class='ocrx_word' id='word_1_331' title='bbox 1710 3488 1836 3542; x_wconf 60' lang='lat' dir='ltr'>hinc</span> <span class='ocrx_word' id='word_1_332' title='bbox 1866 3487 2011 3542; x_wconf 89' lang='lat' dir='ltr'>urbs</span> <span class='ocrx_word' id='word_1_333' title='bbox 2036 3487 2224 3543; x_wconf 89' lang='lat' dir='ltr'>valla-</span> 
     </span>
    </p>
   </div>
   <div class='ocr_carea' id='block_1_53' title="bbox 570 3571 2223 3645">
    <p class='ocr_par' dir='ltr' id='par_1_53' title="bbox 570 3571 2223 3645">
     <span class='ocr_line' id='line_1_53' title="bbox 570 3571 2223 3645; baseline 0.002 -18"><span class='ocrx_word' id='word_1_334' title='bbox 570 3571 622 3627; x_wconf 91' lang='lat' dir='ltr'>ri</span> <span class='ocrx_word' id='word_1_335' title='bbox 649 3575 855 3627; x_wconf 89' lang='lat' dir='ltr'>nostro</span> <span class='ocrx_word' id='word_1_336' title='bbox 886 3571 1164 3641; x_wconf 89' lang='lat' dir='ltr'>exercitu,</span> <span class='ocrx_word' id='word_1_337' title='bbox 1197 3578 1263 3628; x_wconf 92' lang='lat' dir='ltr'>ut</span> <span class='ocrx_word' id='word_1_338' title='bbox 1308 3573 1413 3645; x_wconf 91' lang='lat' dir='ltr'>qui</span> <span class='ocrx_word' id='word_1_339' title='bbox 1452 3574 1913 3630; x_wconf 91' lang='lat' dir='ltr'>transvehunter</span> <span class='ocrx_word' id='word_1_340' title='bbox 1963 3575 2223 3644; x_wconf 89' lang='lat' dir='ltr'>navigio,</span> 
     </span>
    </p>
   </div>
   <div class='ocr_carea' id='block_1_54' title="bbox 570 3659 2226 3735">
    <p class='ocr_par' dir='ltr' id='par_1_54' title="bbox 570 3659 2226 3735">
     <span class='ocr_line' id='line_1_54' title="bbox 570 3659 2226 3735; baseline 0.002 -20"><span class='ocrx_word' id='word_1_341' title='bbox 570 3675 695 3715; x_wconf 91' lang='lat' dir='ltr'>non</span> <span class='ocrx_word' id='word_1_342' title='bbox 719 3659 1227 3728; x_wconf 88' lang='lat' dir='ltr'>transgrediantur</span> <span class='ocrx_word' id='word_1_343' title='bbox 1247 3661 1275 3716; x_wconf 75' lang='lat' dir='ltr'>‘I</span> <span class='ocrx_word' id='word_1_344' title='bbox 1302 3683 1331 3711; x_wconf 94' lang='grc'><strong>››</strong></span> <span class='ocrx_word' id='word_1_345' title='bbox 1363 3663 1818 3735; x_wconf 83' lang='lat' dir='ltr'>Responderunt</span> <span class='ocrx_word' id='word_1_346' title='bbox 1850 3680 1863 3717; x_wconf 90' lang='lat'><strong>:</strong></span> <span class='ocrx_word' id='word_1_347' title='bbox 1916 3685 1943 3712; x_wconf 88' lang='lat'><strong>«</strong></span> <span class='ocrx_word' id='word_1_348' title='bbox 1996 3667 2226 3735; x_wconf 82' lang='lat' dir='ltr'>Nequa-</span> 
     </span>
    </p>
   </div>
   <div class='ocr_carea' id='block_1_55' title="bbox 571 3747 2228 3824">
    <p class='ocr_par' dir='ltr' id='par_1_55' title="bbox 571 3747 2228 3824">
     <span class='ocr_line' id='line_1_55' title="bbox 571 3747 2228 3824; baseline 0.004 -22"><span class='ocrx_word' id='word_1_349' title='bbox 571 3764 781 3819; x_wconf 89' lang='lat' dir='ltr'>quam,</span> <span class='ocrx_word' id='word_1_350' title='bbox 806 3747 948 3819; x_wconf 87' lang='lat' dir='ltr'>quia</span> <span class='ocrx_word' id='word_1_351' title='bbox 969 3749 1244 3821; x_wconf 89' lang='lat' dir='ltr'>Sequana</span> <span class='ocrx_word' id='word_1_352' title='bbox 1273 3748 1525 3823; x_wconf 88' lang='lat' dir='ltr'>simplex</span> <span class='ocrx_word' id='word_1_353' title='bbox 1553 3757 1611 3807; x_wconf 91' lang='lat' dir='ltr'>et</span> <span class='ocrx_word' id='word_1_354' title='bbox 1639 3751 1957 3820; x_wconf 86' lang='lat' dir='ltr'>singularis</span> <span class='ocrx_word' id='word_1_355' title='bbox 2002 3752 2228 3824; x_wconf 87' lang='lat' dir='ltr'>procel-</span> 
     </span>
    </p>
   </div>
   <div class='ocr_carea' id='block_1_56' title="bbox 573 3834 2227 3911">
    <p class='ocr_par' dir='ltr' id='par_1_56' title="bbox 573 3834 2227 3911">
     <span class='ocr_line' id='line_1_56' title="bbox 573 3834 2227 3911; baseline 0.002 -21"><span class='ocrx_word' id='word_1_356' title='bbox 573 3834 645 3890; x_wconf 91' lang='lat' dir='ltr'>lis</span> <span class='ocrx_word' id='word_1_357' title='bbox 664 3834 787 3889; x_wconf 91' lang='lat' dir='ltr'>suis</span> <span class='ocrx_word' id='word_1_358' title='bbox 813 3835 1002 3906; x_wconf 90' lang='lat' dir='ltr'>quatit</span> <span class='ocrx_word' id='word_1_359' title='bbox 1024 3852 1227 3892; x_wconf 90' lang='lat' dir='ltr'>muros</span> <span class='ocrx_word' id='word_1_360' title='bbox 1275 3836 1548 3905; x_wconf 89' lang='lat' dir='ltr'>civitatis,</span> <span class='ocrx_word' id='word_1_361' title='bbox 1600 3838 1747 3911; x_wconf 90' lang='lat' dir='ltr'>quin</span> <span class='ocrx_word' id='word_1_362' title='bbox 1805 3838 1986 3893; x_wconf 91' lang='lat' dir='ltr'>etiam</span> <span class='ocrx_word' id='word_1_363' title='bbox 2042 3839 2227 3894; x_wconf 86' lang='lat' dir='ltr'>incre-</span> 
     </span>
    </p>
   </div>
   <div class='ocr_carea' id='block_1_57' title="bbox 574 3926 2225 3998">
    <p class='ocr_par' dir='ltr' id='par_1_57' title="bbox 574 3926 2225 3998">
     <span class='ocr_line' id='line_1_57' title="bbox 574 3926 2225 3998; baseline 0.004 -21"><span class='ocrx_word' id='word_1_364' title='bbox 574 3927 837 3979; x_wconf 88' lang='lat' dir='ltr'>mentata</span> <span class='ocrx_word' id='word_1_365' title='bbox 866 3928 922 3979; x_wconf 93' lang='lat' dir='ltr'>et</span> <span class='ocrx_word' id='word_1_366' title='bbox 943 3930 1276 3998; x_wconf 90' lang='lat' dir='ltr'>repugnata</span> <span class='ocrx_word' id='word_1_367' title='bbox 1303 3926 1582 3982; x_wconf 88' lang='lat' dir='ltr'>ﬂuctibus</span> <span class='ocrx_word' id='word_1_368' title='bbox 1603 3926 1808 3996; x_wconf 90' lang='lat' dir='ltr'>maris,</span> <span class='ocrx_word' id='word_1_369' title='bbox 1831 3928 2225 3984; x_wconf 89' lang='lat' dir='ltr'>determinato</span> 
     </span>
    </p>
   </div>
   <div class='ocr_carea' id='block_1_58' title="bbox 576 4010 2224 4081">
    <p class='ocr_par' dir='ltr' id='par_1_58' title="bbox 576 4010 2224 4081">
     <span class='ocr_line' id='line_1_58' title="bbox 576 4010 2224 4081; baseline 0.003 -14"><span class='ocrx_word' id='word_1_370' title='bbox 576 4027 753 4067; x_wconf 88' lang='lat' dir='ltr'>cursu</span> <span class='ocrx_word' id='word_1_371' title='bbox 779 4010 935 4067; x_wconf 61' lang='lat' dir='ltr'>lunas</span> <span class='ocrx_word' id='word_1_372' title='bbox 964 4014 1282 4069; x_wconf 89' lang='lat' dir='ltr'>crescentis</span> <span class='ocrx_word' id='word_1_373' title='bbox 1337 4018 1395 4069; x_wconf 93' lang='lat' dir='ltr'>et</span> <span class='ocrx_word' id='word_1_374' title='bbox 1451 4014 1798 4081; x_wconf 86' lang='lat' dir='ltr'>deﬁcientis,</span> <span class='ocrx_word' id='word_1_375' title='bbox 1858 4014 2224 4071; x_wconf 90' lang='lat' dir='ltr'>incremento</span> 
     </span>
    </p>
   </div>
   <div class='ocr_carea' id='block_1_59' title="bbox 575 4100 2226 4176">
    <p class='ocr_par' dir='ltr' id='par_1_59' title="bbox 575 4100 2226 4176">
     <span class='ocr_line' id='line_1_59' title="bbox 575 4100 2226 4176; baseline 0.002 -21"><span class='ocrx_word' id='word_1_376' title='bbox 575 4100 888 4172; x_wconf 89' lang='lat' dir='ltr'>septenarii</span> <span class='ocrx_word' id='word_1_377' title='bbox 938 4102 1193 4171; x_wconf 90' lang='lat' dir='ltr'>numeri,</span> <span class='ocrx_word' id='word_1_378' title='bbox 1246 4106 1534 4158; x_wconf 77' lang='lat' dir='ltr'>aestuante</span> <span class='ocrx_word' id='word_1_379' title='bbox 1587 4101 1770 4158; x_wconf 91' lang='lat' dir='ltr'>ﬂuctu</span> <span class='ocrx_word' id='word_1_380' title='bbox 1846 4108 2226 4176; x_wconf 70' lang='lat' dir='ltr'>praeoccupat</span> 
     </span>
    </p>
   </div>
   <div class='ocr_carea' id='block_1_60' title="bbox 573 4189 2225 4261">
    <p class='ocr_par' dir='ltr' id='par_1_60' title="bbox 573 4189 2225 4261">
     <span class='ocr_line' id='line_1_60' title="bbox 573 4189 2225 4261; baseline 0.002 -18"><span class='ocrx_word' id='word_1_381' title='bbox 573 4192 777 4261; x_wconf 90' lang='lat' dir='ltr'>portas</span> <span class='ocrx_word' id='word_1_382' title='bbox 808 4192 863 4244; x_wconf 91' lang='lat' dir='ltr'>et</span> <span class='ocrx_word' id='word_1_383' title='bbox 890 4189 1113 4246; x_wconf 71' lang='lat' dir='ltr'>moenia</span> <span class='ocrx_word' id='word_1_384' title='bbox 1140 4189 1304 4246; x_wconf 90' lang='lat' dir='ltr'>urbs.</span> <span class='ocrx_word' id='word_1_385' title='bbox 1339 4208 1369 4242; x_wconf 69' lang='grc' dir='ltr'><strong><em>ι</em></strong></span> <span class='ocrx_word' id='word_1_386' title='bbox 1407 4192 1568 4245; x_wconf 88' lang='lat' dir='ltr'>Tunc</span> <span class='ocrx_word' id='word_1_387' title='bbox 1624 4206 1729 4245; x_wconf 89' lang='lat' dir='ltr'>rex</span> <span class='ocrx_word' id='word_1_388' title='bbox 1771 4190 1922 4247; x_wconf 93' lang='lat' dir='ltr'>Otho</span> <span class='ocrx_word' id='word_1_389' title='bbox 1961 4190 2120 4247; x_wconf 89' lang='lat' dir='ltr'>misit</span> <span class='ocrx_word' id='word_1_390' title='bbox 2148 4192 2225 4247; x_wconf 93' lang='lat' dir='ltr'>ad</span> 
     </span>
    </p>
   </div>
   <div class='ocr_carea' id='block_1_61' title="bbox 574 4276 2226 4350">
    <p class='ocr_par' dir='ltr' id='par_1_61' title="bbox 574 4276 2226 4350">
     <span class='ocr_line' id='line_1_61' title="bbox 574 4276 2226 4350; baseline 0.002 -17"><span class='ocrx_word' id='word_1_391' title='bbox 574 4276 952 4345; x_wconf 81' lang='lat' dir='ltr'>Richardum,</span> <span class='ocrx_word' id='word_1_392' title='bbox 987 4282 1050 4334; x_wconf 88' lang='lat' dir='ltr'>ut</span> <span class='ocrx_word' id='word_1_393' title='bbox 1077 4278 1277 4334; x_wconf 91' lang='lat' dir='ltr'>liceret</span> <span class='ocrx_word' id='word_1_394' title='bbox 1303 4277 1355 4334; x_wconf 92' lang='lat' dir='ltr'>ei</span> <span class='ocrx_word' id='word_1_395' title='bbox 1381 4283 1555 4333; x_wconf 91' lang='lat' dir='ltr'>oratu</span> <span class='ocrx_word' id='word_1_396' title='bbox 1583 4282 1783 4350; x_wconf 89' lang='lat' dir='ltr'>petere</span> <span class='ocrx_word' id='word_1_397' title='bbox 1814 4284 2088 4335; x_wconf 89' lang='lat' dir='ltr'>sanctum</span> <span class='ocrx_word' id='word_1_398' title='bbox 2113 4285 2226 4335; x_wconf 82' lang='lat' dir='ltr'>Au-</span> 
     </span>
    </p>
   </div>
   <div class='ocr_carea' id='block_1_62' title="bbox 574 4365 2225 4440">
    <p class='ocr_par' dir='ltr' id='par_1_62' title="bbox 574 4365 2225 4440">
     <span class='ocr_line' id='line_1_62' title="bbox 574 4365 2225 4440; baseline 0.002 -19"><span class='ocrx_word' id='word_1_399' title='bbox 574 4366 857 4422; x_wconf 91' lang='lat' dir='ltr'>doenum.</span> <span class='ocrx_word' id='word_1_400' title='bbox 889 4369 1035 4422; x_wconf 88' lang='lat' dir='ltr'>Data</span> <span class='ocrx_word' id='word_1_401' title='bbox 1068 4383 1205 4423; x_wconf 90' lang='lat' dir='ltr'>vero</span> <span class='ocrx_word' id='word_1_402' title='bbox 1231 4365 1445 4422; x_wconf 89' lang='lat' dir='ltr'>orandi</span> <span class='ocrx_word' id='word_1_403' title='bbox 1471 4365 1728 4435; x_wconf 88' lang='lat' dir='ltr'>licentia,</span> <span class='ocrx_word' id='word_1_404' title='bbox 1782 4382 1885 4421; x_wconf 88' lang='lat' dir='ltr'>rex</span> <span class='ocrx_word' id='word_1_405' title='bbox 1933 4383 2071 4423; x_wconf 93' lang='lat' dir='ltr'>cum</span> <span class='ocrx_word' id='word_1_406' title='bbox 2107 4368 2225 4440; x_wconf 89' lang='lat' dir='ltr'>epi-</span> 
     </span>
    </p>
   </div>
   <div class='ocr_carea' id='block_1_63' title="bbox 576 4453 2224 4528">
    <p class='ocr_par' dir='ltr' id='par_1_63' title="bbox 576 4453 2224 4528">
     <span class='ocr_line' id='line_1_63' title="bbox 576 4453 2224 4528; baseline 0.002 -18"><span class='ocrx_word' id='word_1_407' title='bbox 576 4455 775 4527; x_wconf 90' lang='lat' dir='ltr'>scopis</span> <span class='ocrx_word' id='word_1_408' title='bbox 803 4458 860 4511; x_wconf 87' lang='lat' dir='ltr'>et</span> <span class='ocrx_word' id='word_1_409' title='bbox 885 4454 1161 4528; x_wconf 91' lang='lat' dir='ltr'>ducibus,</span> <span class='ocrx_word' id='word_1_410' title='bbox 1180 4454 1465 4528; x_wconf 82' lang='lat' dir='ltr'>depositis</span> <span class='ocrx_word' id='word_1_411' title='bbox 1486 4453 1688 4520; x_wconf 84' lang='lat' dir='ltr'>armis,</span> <span class='ocrx_word' id='word_1_412' title='bbox 1716 4454 1877 4510; x_wconf 89' lang='lat' dir='ltr'>venit</span> <span class='ocrx_word' id='word_1_413' title='bbox 1905 4455 1985 4510; x_wconf 92' lang='lat' dir='ltr'>ad</span> <span class='ocrx_word' id='word_1_414' title='bbox 2012 4473 2224 4513; x_wconf 90' lang='lat' dir='ltr'>mona-</span> 
     </span>
    </p>
   </div>
   <div class='ocr_carea' id='block_1_64' title="bbox 576 4539 2226 4614">
    <p class='ocr_par' dir='ltr' id='par_1_64' title="bbox 576 4539 2226 4614">
     <span class='ocr_line' id='line_1_64' title="bbox 576 4539 2226 4614; baseline 0.004 -19"><span class='ocrx_word' id='word_1_415' title='bbox 576 4540 840 4609; x_wconf 91' lang='lat' dir='ltr'>sterium,</span> <span class='ocrx_word' id='word_1_416' title='bbox 871 4542 1035 4614; x_wconf 90' lang='lat' dir='ltr'>quod</span> <span class='ocrx_word' id='word_1_417' title='bbox 1064 4547 1155 4599; x_wconf 90' lang='lat' dir='ltr'>est</span> <span class='ocrx_word' id='word_1_418' title='bbox 1182 4542 1243 4598; x_wconf 93' lang='lat' dir='ltr'>in</span> <span class='ocrx_word' id='word_1_419' title='bbox 1275 4540 1568 4597; x_wconf 91' lang='lat' dir='ltr'>suburbio</span> <span class='ocrx_word' id='word_1_420' title='bbox 1598 4539 1869 4610; x_wconf 89' lang='lat' dir='ltr'>civitatis,</span> <span class='ocrx_word' id='word_1_421' title='bbox 1909 4542 1971 4597; x_wconf 92' lang='lat' dir='ltr'>in</span> <span class='ocrx_word' id='word_1_422' title='bbox 1998 4542 2226 4601; x_wconf 88' lang='lat' dir='ltr'>honore</span> 
     </span>
    </p>
   </div>
   <div class='ocr_carea' id='block_1_65' title="bbox 576 4628 2227 4701">
    <p class='ocr_par' dir='ltr' id='par_1_65' title="bbox 576 4628 2227 4701">
     <span class='ocr_line' id='line_1_65' title="bbox 576 4628 2227 4701; baseline 0.002 -16"><span class='ocrx_word' id='word_1_423' title='bbox 576 4628 856 4701; x_wconf 91' lang='lat' dir='ltr'>cultuque</span> <span class='ocrx_word' id='word_1_424' title='bbox 887 4632 1078 4686; x_wconf 87' lang='lat' dir='ltr'>sancti</span> <span class='ocrx_word' id='word_1_425' title='bbox 1124 4631 1274 4686; x_wconf 86' lang='lat' dir='ltr'>Petri</span> <span class='ocrx_word' id='word_1_426' title='bbox 1326 4628 1636 4701; x_wconf 85' lang='lat' dir='ltr'>sanctique</span> <span class='ocrx_word' id='word_1_427' title='bbox 1684 4628 1954 4685; x_wconf 86' lang='lat' dir='ltr'>Audoeni</span> <span class='ocrx_word' id='word_1_428' title='bbox 1991 4630 2227 4688; x_wconf 88' lang='lat' dir='ltr'>dedica-</span> 
     </span>
    </p>
   </div>
   <div class='ocr_carea' id='block_1_66' title="bbox 576 4716 2224 4790">
    <p class='ocr_par' dir='ltr' id='par_1_66' title="bbox 576 4716 2224 4790">
     <span class='ocr_line' id='line_1_66' title="bbox 576 4716 2224 4790; baseline 0.002 -18"><span class='ocrx_word' id='word_1_429' title='bbox 576 4717 911 4775; x_wconf 84' lang='lat' dir='ltr'>tum.Multa</span> <span class='ocrx_word' id='word_1_430' title='bbox 938 4734 1080 4775; x_wconf 89' lang='lat' dir='ltr'>vero</span> <span class='ocrx_word' id='word_1_431' title='bbox 1110 4717 1362 4774; x_wconf 90' lang='lat' dir='ltr'>donaria</span> <span class='ocrx_word' id='word_1_432' title='bbox 1391 4716 1474 4771; x_wconf 91' lang='lat' dir='ltr'>ibi</span> <span class='ocrx_word' id='word_1_433' title='bbox 1502 4716 1751 4785; x_wconf 89' lang='lat' dir='ltr'>largitus</span> <span class='ocrx_word' id='word_1_434' title='bbox 1774 4722 1861 4773; x_wconf 90' lang='lat' dir='ltr'>est</span> <span class='ocrx_word' id='word_1_435' title='bbox 1884 4717 2011 4790; x_wconf 90' lang='lat' dir='ltr'>ipse</span> <span class='ocrx_word' id='word_1_436' title='bbox 2036 4724 2093 4776; x_wconf 89' lang='lat' dir='ltr'>et</span> <span class='ocrx_word' id='word_1_437' title='bbox 2112 4721 2224 4789; x_wconf 91' lang='lat' dir='ltr'>sui,</span> 
     </span>
    </p>
   </div>
   <div class='ocr_carea' id='block_1_67' title="bbox 575 4802 2223 4879">
    <p class='ocr_par' dir='ltr' id='par_1_67' title="bbox 575 4802 2223 4879">
     <span class='ocr_line' id='line_1_67' title="bbox 575 4802 2223 4879; baseline 0.002 -18"><span class='ocrx_word' id='word_1_438' title='bbox 575 4805 961 4879; x_wconf 89' lang='lat' dir='ltr'>residensque</span> <span class='ocrx_word' id='word_1_439' title='bbox 1007 4806 1069 4861; x_wconf 92' lang='lat' dir='ltr'>in</span> <span class='ocrx_word' id='word_1_440' title='bbox 1115 4821 1208 4873; x_wconf 91' lang='lat' dir='ltr'>eo,</span> <span class='ocrx_word' id='word_1_441' title='bbox 1264 4802 1562 4859; x_wconf 87' lang='lat' dir='ltr'>accersitis</span> <span class='ocrx_word' id='word_1_442' title='bbox 1609 4804 1993 4875; x_wconf 90' lang='lat' dir='ltr'>optimatibus</span> <span class='ocrx_word' id='word_1_443' title='bbox 2030 4808 2223 4864; x_wconf 88' lang='lat' dir='ltr'>dixit:</span> 
     </span>
    </p>
   </div>
   <div class='ocr_carea' id='block_1_68' title="bbox 579 4891 2230 4963">
    <p class='ocr_par' dir='ltr' id='par_1_68' title="bbox 579 4891 2230 4963">
     <span class='ocr_line' id='line_1_68' title="bbox 579 4891 2230 4963; baseline 0.005 -18"><span class='ocrx_word' id='word_1_444' title='bbox 579 4916 607 4945; x_wconf 77' lang='grc' dir='ltr'>α</span> <span class='ocrx_word' id='word_1_445' title='bbox 648 4894 798 4959; x_wconf 90' lang='lat' dir='ltr'>Quid</span> <span class='ocrx_word' id='word_1_446' title='bbox 846 4894 1022 4951; x_wconf 90' lang='lat' dir='ltr'>nobis</span> <span class='ocrx_word' id='word_1_447' title='bbox 1074 4891 1379 4962; x_wconf 88' lang='lat' dir='ltr'>agendum</span> <span class='ocrx_word' id='word_1_448' title='bbox 1418 4891 1510 4962; x_wconf 91' lang='lat' dir='ltr'>sit,</span> <span class='ocrx_word' id='word_1_449' title='bbox 1571 4892 1773 4948; x_wconf 90' lang='lat' dir='ltr'>animo</span> <span class='ocrx_word' id='word_1_450' title='bbox 1828 4894 2141 4963; x_wconf 89' lang='lat' dir='ltr'>decernite,</span> <span class='ocrx_word' id='word_1_451' title='bbox 2174 4902 2230 4953; x_wconf 91' lang='lat' dir='ltr'>et</span> 
     </span>
    </p>
   </div>
   <div class='ocr_carea' id='block_1_69' title="bbox 576 4978 2229 5055">
    <p class='ocr_par' dir='ltr' id='par_1_69' title="bbox 576 4978 2229 5055">
     <span class='ocr_line' id='line_1_69' title="bbox 576 4978 2229 5055; baseline 0.002 -18"><span class='ocrx_word' id='word_1_452' title='bbox 576 4981 723 5055; x_wconf 91' lang='lat' dir='ltr'>quid</span> <span class='ocrx_word' id='word_1_453' title='bbox 774 4982 954 5051; x_wconf 89' lang='lat' dir='ltr'>hujus</span> <span class='ocrx_word' id='word_1_454' title='bbox 1006 4978 1229 5048; x_wconf 82' lang='lat' dir='ltr'>negotii</span> <span class='ocrx_word' id='word_1_455' title='bbox 1288 4978 1397 5033; x_wconf 91' lang='lat' dir='ltr'>sibi</span> <span class='ocrx_word' id='word_1_456' title='bbox 1454 4978 1687 5034; x_wconf 90' lang='lat' dir='ltr'>videtur</span> <span class='ocrx_word' id='word_1_457' title='bbox 1728 4986 1971 5050; x_wconf 90' lang='lat' dir='ltr'>rectum,</span> <span class='ocrx_word' id='word_1_458' title='bbox 1998 4984 2229 5041; x_wconf 90' lang='lat' dir='ltr'>intimet</span> 
     </span>
    </p>
   </div>
   <div class='ocr_carea' id='block_1_70' title="bbox 578 5064 2228 5145">
    <p class='ocr_par' dir='ltr' id='par_1_70' title="bbox 578 5064 2228 5145">
     <span class='ocr_line' id='line_1_70' title="bbox 578 5064 2228 5145; baseline 0.002 -19"><span class='ocrx_word' id='word_1_459' title='bbox 578 5069 852 5142; x_wconf 89' lang='lat' dir='ltr'>quisque.</span> <span class='ocrx_word' id='word_1_460' title='bbox 886 5071 1130 5123; x_wconf 87' lang='lat' dir='ltr'>Precatu</span> <span class='ocrx_word' id='word_1_461' title='bbox 1158 5064 1315 5135; x_wconf 90' lang='lat' dir='ltr'>regis</span> <span class='ocrx_word' id='word_1_462' title='bbox 1375 5066 1674 5137; x_wconf 90' lang='lat' dir='ltr'>Ludovici,</span> <span class='ocrx_word' id='word_1_463' title='bbox 1728 5071 2077 5145; x_wconf 77' lang='lat' dir='ltr'>cornitisque</span> <span class='ocrx_word' id='word_1_464' title='bbox 2125 5077 2228 5129; x_wconf 88' lang='lat' dir='ltr'>Ar-</span> 
     </span>
    </p>
   </div>
   <div class='ocr_carea' id='block_1_71' title="bbox 578 5153 2224 5231">
    <p class='ocr_par' dir='ltr' id='par_1_71' title="bbox 578 5153 2224 5231">
     <span class='ocr_line' id='line_1_71' title="bbox 578 5153 2224 5231; baseline 0.003 -17"><span class='ocrx_word' id='word_1_465' title='bbox 578 5155 728 5214; x_wconf 87' lang='lat' dir='ltr'>nulﬁ</span> <span class='ocrx_word' id='word_1_466' title='bbox 767 5154 1022 5210; x_wconf 86' lang='lat' dir='ltr'>subdolo</span> <span class='ocrx_word' id='word_1_467' title='bbox 1072 5153 1437 5224; x_wconf 90' lang='lat' dir='ltr'>sophismate</span> <span class='ocrx_word' id='word_1_468' title='bbox 1488 5156 1737 5229; x_wconf 91' lang='lat' dir='ltr'>decepit,</span> <span class='ocrx_word' id='word_1_469' title='bbox 1766 5157 1884 5215; x_wconf 93' lang='lat' dir='ltr'>huc</span> <span class='ocrx_word' id='word_1_470' title='bbox 1928 5163 2224 5231; x_wconf 90' lang='lat' dir='ltr'>venimus,</span> 
     </span>
    </p>
   </div>
   <div class='ocr_carea' id='block_1_72' title="bbox 579 5239 2227 5315">
    <p class='ocr_par' dir='ltr' id='par_1_72' title="bbox 579 5239 2227 5315">
     <span class='ocr_line' id='line_1_72' title="bbox 579 5239 2227 5315; baseline 0.008 -22"><span class='ocrx_word' id='word_1_471' title='bbox 579 5256 703 5312; x_wconf 90' lang='lat' dir='ltr'>quo</span> <span class='ocrx_word' id='word_1_472' title='bbox 731 5255 853 5295; x_wconf 92' lang='lat' dir='ltr'>non</span> <span class='ocrx_word' id='word_1_473' title='bbox 877 5239 1167 5295; x_wconf 88' lang='lat' dir='ltr'>honorem</span> <span class='ocrx_word' id='word_1_474' title='bbox 1193 5248 1628 5315; x_wconf 88' lang='lat' dir='ltr'>recuperantes,</span> <span class='ocrx_word' id='word_1_475' title='bbox 1660 5245 1764 5300; x_wconf 91' lang='lat' dir='ltr'>sed</span> <span class='ocrx_word' id='word_1_476' title='bbox 1793 5245 2085 5305; x_wconf 89' lang='lat' dir='ltr'>damnum</span> <span class='ocrx_word' id='word_1_477' title='bbox 2127 5265 2227 5305; x_wconf 88' lang='lat' dir='ltr'>ve-</span> 
     </span>
    </p>
   </div>
   <div class='ocr_carea' id='block_1_73' title="bbox 581 5327 2227 5401">
    <p class='ocr_par' dir='ltr' id='par_1_73' title="bbox 581 5327 2227 5401">
     <span class='ocr_line' id='line_1_73' title="bbox 581 5327 2227 5401; baseline 0.008 -20"><span class='ocrx_word' id='word_1_478' title='bbox 581 5327 1049 5398; x_wconf 88' lang='lat' dir='ltr'>recundiamque</span> <span class='ocrx_word' id='word_1_479' title='bbox 1078 5333 1255 5401; x_wconf 89' lang='lat' dir='ltr'>atque</span> <span class='ocrx_word' id='word_1_480' title='bbox 1282 5333 1694 5389; x_wconf 90' lang='lat' dir='ltr'>confusionem</span> <span class='ocrx_word' id='word_1_481' title='bbox 1748 5336 1932 5391; x_wconf 88' lang='lat' dir='ltr'>nostri</span> <span class='ocrx_word' id='word_1_482' title='bbox 1983 5338 2227 5394; x_wconf 91' lang='lat' dir='ltr'>honoris</span> 
     </span>
    </p>
   </div>
   <div class='ocr_carea' id='block_1_74' title="bbox 583 5415 2226 5487">
    <p class='ocr_par' dir='ltr' id='par_1_74' title="bbox 583 5415 2226 5487">
     <span class='ocr_line' id='line_1_74' title="bbox 583 5415 2226 5487; baseline 0.008 -17"><span class='ocrx_word' id='word_1_483' title='bbox 583 5415 828 5486; x_wconf 86' lang='lat' dir='ltr'>turpiter</span> <span class='ocrx_word' id='word_1_484' title='bbox 856 5416 1131 5487; x_wconf 87' lang='lat' dir='ltr'>patimur.</span> <span class='ocrx_word' id='word_1_485' title='bbox 1157 5419 1305 5474; x_wconf 86' lang='lat' dir='ltr'>Nihil</span> <span class='ocrx_word' id='word_1_486' title='bbox 1336 5420 1620 5477; x_wconf 84' lang='lat' dir='ltr'>adversus</span> <span class='ocrx_word' id='word_1_487' title='bbox 1648 5424 2083 5482; x_wconf 85' lang='lat' dir='ltr'>Northmannos</span> <span class='ocrx_word' id='word_1_488' title='bbox 2106 5426 2226 5483; x_wconf 89' lang='lat' dir='ltr'>ullo</span> 
     </span>
    </p>
   </div>
   <div class='ocr_carea' id='block_1_75' title="bbox 582 5502 2229 5586">
    <p class='ocr_par' dir='ltr' id='par_1_75' title="bbox 582 5502 2229 5586">
     <span class='ocr_line' id='line_1_75' title="bbox 582 5502 2229 5586; baseline 0.008 -29"><span class='ocrx_word' id='word_1_489' title='bbox 582 5502 775 5557; x_wconf 86' lang='lat' dir='ltr'>hostili</span> <span class='ocrx_word' id='word_1_490' title='bbox 807 5506 1117 5560; x_wconf 78' lang='lat' dir='ltr'>conamine</span> <span class='ocrx_word' id='word_1_491' title='bbox 1145 5509 1462 5578; x_wconf 72' lang='lat' dir='ltr'>prmvalere</span> <span class='ocrx_word' id='word_1_492' title='bbox 1491 5515 1594 5582; x_wconf 86' lang='lat' dir='ltr'>qui</span> <span class='ocrx_word' id='word_1_493' title='bbox 1623 5511 1901 5577; x_wconf 74' lang='lat' dir='ltr'>verimus,</span> <span class='ocrx_word' id='word_1_494' title='bbox 1952 5515 2093 5586; x_wconf 88' lang='lat' dir='ltr'>quia</span> <span class='ocrx_word' id='word_1_495' title='bbox 2121 5531 2229 5586; x_wconf 89' lang='lat' dir='ltr'>per</span> 
     </span>
    </p>
   </div>
   <div class='ocr_carea' id='block_1_76' title="bbox 581 5592 2228 5670">
    <p class='ocr_par' dir='ltr' id='par_1_76' title="bbox 581 5592 2228 5670">
     <span class='ocr_line' id='line_1_76' title="bbox 581 5592 2228 5670; baseline 0.007 -25"><span class='ocrx_word' id='word_1_496' title='bbox 581 5594 872 5661; x_wconf 71' lang='lat' dir='ltr'>Sequanae</span> <span class='ocrx_word' id='word_1_497' title='bbox 898 5592 1131 5649; x_wconf 86' lang='lat' dir='ltr'>alveum</span> <span class='ocrx_word' id='word_1_498' title='bbox 1182 5602 1395 5652; x_wconf 89' lang='lat' dir='ltr'>cuncta</span> <span class='ocrx_word' id='word_1_499' title='bbox 1440 5615 1727 5670; x_wconf 88' lang='lat' dir='ltr'>prospera</span> <span class='ocrx_word' id='word_1_500' title='bbox 1781 5599 1891 5654; x_wconf 87' lang='lat' dir='ltr'>illis</span> <span class='ocrx_word' id='word_1_501' title='bbox 1942 5603 2228 5657; x_wconf 83' lang='lat' dir='ltr'>submini-</span> 
     </span>
    </p>
   </div>
   <div class='ocr_carea' id='block_1_77' title="bbox 579 5682 2221 5764">
    <p class='ocr_par' dir='ltr' id='par_1_77' title="bbox 579 5682 2221 5764">
     <span class='ocr_line' id='line_1_77' title="bbox 579 5682 2221 5764; baseline 0.007 -28"><span class='ocrx_word' id='word_1_502' title='bbox 579 5684 859 5737; x_wconf 87' lang='lat' dir='ltr'>strantur.</span> <span class='ocrx_word' id='word_1_503' title='bbox 893 5682 1245 5741; x_wconf 84' lang='lat' dir='ltr'>Intolerabili</span> <span class='ocrx_word' id='word_1_504' title='bbox 1270 5686 1471 5758; x_wconf 88' lang='lat' dir='ltr'>itaque</span> <span class='ocrx_word' id='word_1_505' title='bbox 1498 5688 1727 5743; x_wconf 91' lang='lat' dir='ltr'>crucior</span> <span class='ocrx_word' id='word_1_506' title='bbox 1769 5688 1997 5747; x_wconf 88' lang='lat' dir='ltr'>tristitia</span> <span class='ocrx_word' id='word_1_507' title='bbox 2043 5696 2221 5764; x_wconf 87' lang='lat' dir='ltr'>atque</span> 
     </span>
    </p>
   </div>
   <div class='ocr_carea' id='block_1_78' title="bbox 2327 1798 3766 1873">
    <p class='ocr_par' dir='ltr' id='par_1_78' title="bbox 2327 1798 3766 1873">
     <span class='ocr_line' id='line_1_78' title="bbox 2327 1798 3766 1873; baseline 0.002 -19"><span class='ocrx_word' id='word_1_508' title='bbox 2327 1798 2602 1854; x_wconf 64' lang='lat' dir='ltr'>obscenae</span> <span class='ocrx_word' id='word_1_509' title='bbox 2660 1798 3025 1854; x_wconf 86' lang='lat' dir='ltr'>confusionis</span> <span class='ocrx_word' id='word_1_510' title='bbox 3082 1803 3136 1854; x_wconf 91' lang='lat' dir='ltr'>et</span> <span class='ocrx_word' id='word_1_511' title='bbox 3188 1798 3409 1866; x_wconf 87' lang='lat' dir='ltr'>damni,</span> <span class='ocrx_word' id='word_1_512' title='bbox 3460 1816 3578 1873; x_wconf 60' lang='lat' dir='ltr'>quas</span> <span class='ocrx_word' id='word_1_513' title='bbox 3630 1802 3766 1857; x_wconf 70' lang='lat' dir='ltr'>cond</span> 
     </span>
    </p>
   </div>
   <div class='ocr_carea' id='block_1_79' title="bbox 2327 1887 3766 1960">
    <p class='ocr_par' dir='ltr' id='par_1_79' title="bbox 2327 1887 3766 1960">
     <span class='ocr_line' id='line_1_79' title="bbox 2327 1887 3766 1960; baseline 0.003 -19"><span class='ocrx_word' id='word_1_514' title='bbox 2327 1887 2618 1942; x_wconf 89' lang='lat' dir='ltr'>mercedis</span> <span class='ocrx_word' id='word_1_515' title='bbox 2649 1887 3029 1943; x_wconf 91' lang='lat' dir='ltr'>retributione</span> <span class='ocrx_word' id='word_1_516' title='bbox 3062 1888 3300 1960; x_wconf 90' lang='lat' dir='ltr'>pateris,</span> <span class='ocrx_word' id='word_1_517' title='bbox 3335 1906 3445 1945; x_wconf 92' lang='lat' dir='ltr'>non</span> <span class='ocrx_word' id='word_1_518' title='bbox 3465 1889 3766 1957; x_wconf 69' lang='lat' dir='ltr'>delabitur;</span> 
     </span>
    </p>
   </div>
   <div class='ocr_carea' id='block_1_80' title="bbox 2328 1975 3766 2045">
    <p class='ocr_par' dir='ltr' id='par_1_80' title="bbox 2328 1975 3766 2045">
     <span class='ocr_line' id='line_1_80' title="bbox 2328 1975 3766 2045; baseline 0.003 -15"><span class='ocrx_word' id='word_1_519' title='bbox 2328 1979 2466 2031; x_wconf 91' lang='lat' dir='ltr'>tuus</span> <span class='ocrx_word' id='word_1_520' title='bbox 2493 1976 2781 2031; x_wconf 84' lang='lat' dir='ltr'>exercitus</span> <span class='ocrx_word' id='word_1_521' title='bbox 2809 1975 3167 2030; x_wconf 85' lang='lat' dir='ltr'>Richardum</span> <span class='ocrx_word' id='word_1_522' title='bbox 3193 1981 3250 2031; x_wconf 89' lang='lat' dir='ltr'>et</span> <span class='ocrx_word' id='word_1_523' title='bbox 3280 1993 3417 2032; x_wconf 85' lang='lat' dir='ltr'>suos</span> <span class='ocrx_word' id='word_1_524' title='bbox 3440 1977 3664 2045; x_wconf 86' lang='lat' dir='ltr'>indigna</span> <span class='ocrx_word' id='word_1_525' title='bbox 3689 1979 3766 2034; x_wconf 87' lang='lat' dir='ltr'>ob</span> 
     </span>
    </p>
   </div>
   <div class='ocr_carea' id='block_1_81' title="bbox 2326 2063 3766 2135">
    <p class='ocr_par' dir='ltr' id='par_1_81' title="bbox 2326 2063 3766 2135">
     <span class='ocr_line' id='line_1_81' title="bbox 2326 2063 3766 2135; baseline 0.003 -18"><span class='ocrx_word' id='word_1_526' title='bbox 2326 2078 2406 2117; x_wconf 91' lang='lat' dir='ltr'>no</span> <span class='ocrx_word' id='word_1_527' title='bbox 2435 2063 2803 2135; x_wconf 90' lang='lat' dir='ltr'>opprimens,</span> <span class='ocrx_word' id='word_1_528' title='bbox 2837 2063 2930 2117; x_wconf 92' lang='lat' dir='ltr'>hic</span> <span class='ocrx_word' id='word_1_529' title='bbox 2959 2064 3175 2133; x_wconf 88' lang='lat' dir='ltr'>injuste</span> <span class='ocrx_word' id='word_1_530' title='bbox 3208 2070 3481 2121; x_wconf 88' lang='lat' dir='ltr'>moratur.</span> <span class='ocrx_word' id='word_1_531' title='bbox 3506 2066 3607 2121; x_wconf 89' lang='lat' dir='ltr'>Sed</span> <span class='ocrx_word' id='word_1_532' title='bbox 3632 2066 3705 2120; x_wconf 91' lang='lat' dir='ltr'>de</span> <span class='ocrx_word' id='word_1_533' title='bbox 3735 2083 3766 2121; x_wconf 78' lang='grc' dir='ltr'><strong>ι]</strong></span> 
     </span>
    </p>
   </div>
   <div class='ocr_carea' id='block_1_82' title="bbox 2325 2151 3766 2222">
    <p class='ocr_par' dir='ltr' id='par_1_82' title="bbox 2325 2151 3766 2222">
     <span class='ocr_line' id='line_1_82' title="bbox 2325 2151 3766 2222; baseline 0.002 -16"><span class='ocrx_word' id='word_1_534' title='bbox 2325 2151 2711 2220; x_wconf 88' lang='lat' dir='ltr'>regressionis</span> <span class='ocrx_word' id='word_1_535' title='bbox 2741 2151 3101 2222; x_wconf 88' lang='lat' dir='ltr'>profectione</span> <span class='ocrx_word' id='word_1_536' title='bbox 3133 2152 3357 2208; x_wconf 89' lang='lat' dir='ltr'>salubri</span> <span class='ocrx_word' id='word_1_537' title='bbox 3388 2153 3612 2209; x_wconf 86' lang='lat' dir='ltr'>consilio</span> <span class='ocrx_word' id='word_1_538' title='bbox 3655 2160 3766 2210; x_wconf 71' lang='lat' dir='ltr'>stuc</span> 
     </span>
    </p>
   </div>
   <div class='ocr_carea' id='block_1_83' title="bbox 2327 2240 3766 2312">
    <p class='ocr_par' dir='ltr' id='par_1_83' title="bbox 2327 2240 3766 2312">
     <span class='ocr_line' id='line_1_83' title="bbox 2327 2240 3766 2312; baseline 0.003 -17"><span class='ocrx_word' id='word_1_539' title='bbox 2327 2256 2402 2295; x_wconf 91' lang='lat' dir='ltr'>ne</span> <span class='ocrx_word' id='word_1_540' title='bbox 2429 2240 2685 2295; x_wconf 88' lang='lat' dir='ltr'>deterius</span> <span class='ocrx_word' id='word_1_541' title='bbox 2711 2241 3058 2312; x_wconf 91' lang='lat' dir='ltr'>turpiusque</span> <span class='ocrx_word' id='word_1_542' title='bbox 3091 2240 3195 2295; x_wconf 88' lang='lat' dir='ltr'>tibi</span> <span class='ocrx_word' id='word_1_543' title='bbox 3224 2245 3655 2310; x_wconf 89' lang='lat' dir='ltr'>contagat,cum</span> <span class='ocrx_word' id='word_1_544' title='bbox 3684 2261 3766 2299; x_wconf 89' lang='lat' dir='ltr'>on</span> 
     </span>
    </p>
   </div>
   <div class='ocr_carea' id='block_1_84' title="bbox 2328 2327 3765 2402">
    <p class='ocr_par' dir='ltr' id='par_1_84' title="bbox 2328 2327 3765 2402">
     <span class='ocr_line' id='line_1_84' title="bbox 2328 2327 3765 2402; baseline 0.003 -21"><span class='ocrx_word' id='word_1_545' title='bbox 2328 2328 2584 2382; x_wconf 89' lang='lat' dir='ltr'>tentione</span> <span class='ocrx_word' id='word_1_546' title='bbox 2614 2327 3039 2383; x_wconf 86' lang='lat' dir='ltr'>animadverte.</span> <span class='ocrx_word' id='word_1_547' title='bbox 3096 2330 3379 2399; x_wconf 78' lang='lat' dir='ltr'>Nepotem</span> <span class='ocrx_word' id='word_1_548' title='bbox 3424 2334 3660 2402; x_wconf 90' lang='lat' dir='ltr'>tuosque</span> <span class='ocrx_word' id='word_1_549' title='bbox 3715 2349 3765 2387; x_wconf 77' lang='lat' dir='ltr'>Ct</span> 
     </span>
    </p>
   </div>
   <div class='ocr_carea' id='block_1_85' title="bbox 2329 2414 3766 2490">
    <p class='ocr_par' dir='ltr' id='par_1_85' title="bbox 2329 2414 3766 2490">
     <span class='ocr_line' id='line_1_85' title="bbox 2329 2414 3766 2490; baseline 0.003 -21"><span class='ocrx_word' id='word_1_550' title='bbox 2329 2414 2722 2486; x_wconf 90' lang='lat' dir='ltr'>satellitesque</span> <span class='ocrx_word' id='word_1_551' title='bbox 2749 2420 2805 2470; x_wconf 91' lang='lat' dir='ltr'>et</span> <span class='ocrx_word' id='word_1_552' title='bbox 2831 2431 3015 2487; x_wconf 89' lang='lat' dir='ltr'>quam</span> <span class='ocrx_word' id='word_1_553' title='bbox 3048 2414 3337 2486; x_wconf 89' lang='lat' dir='ltr'>plurimos</span> <span class='ocrx_word' id='word_1_554' title='bbox 3366 2416 3566 2473; x_wconf 90' lang='lat' dir='ltr'>milites</span> <span class='ocrx_word' id='word_1_555' title='bbox 3594 2419 3766 2490; x_wconf 77' lang='lat' dir='ltr'>hujus</span> 
     </span>
    </p>
   </div>
   <div class='ocr_carea' id='block_1_86' title="bbox 2330 2502 3766 2576">
    <p class='ocr_par' dir='ltr' id='par_1_86' title="bbox 2330 2502 3766 2576">
     <span class='ocr_line' id='line_1_86' title="bbox 2330 2502 3766 2576; baseline 0.003 -18"><span class='ocrx_word' id='word_1_556' title='bbox 2330 2503 2526 2558; x_wconf 91' lang='lat' dir='ltr'>dionis</span> <span class='ocrx_word' id='word_1_557' title='bbox 2551 2503 2752 2574; x_wconf 87' lang='lat' dir='ltr'>jurgio</span> <span class='ocrx_word' id='word_1_558' title='bbox 2778 2503 2935 2573; x_wconf 89' lang='lat' dir='ltr'>juste</span> <span class='ocrx_word' id='word_1_559' title='bbox 2966 2502 3295 2575; x_wconf 90' lang='lat' dir='ltr'>perdidisti,</span> <span class='ocrx_word' id='word_1_560' title='bbox 3329 2504 3467 2576; x_wconf 91' lang='lat' dir='ltr'>quia</span> <span class='ocrx_word' id='word_1_561' title='bbox 3488 2506 3766 2564; x_wconf 88' lang='lat' dir='ltr'>civitateu</span> 
     </span>
    </p>
   </div>
   <div class='ocr_carea' id='block_1_87' title="bbox 2326 2592 3766 2663">
    <p class='ocr_par' dir='ltr' id='par_1_87' title="bbox 2326 2592 3766 2663">
     <span class='ocr_line' id='line_1_87' title="bbox 2326 2592 3766 2663; baseline -0.002 -16"><span class='ocrx_word' id='word_1_562' title='bbox 2326 2592 2543 2663; x_wconf 88' lang='lat' dir='ltr'>injuste</span> <span class='ocrx_word' id='word_1_563' title='bbox 2598 2592 2886 2647; x_wconf 82' lang='lat' dir='ltr'>invadens</span> <span class='ocrx_word' id='word_1_564' title='bbox 2938 2592 3248 2647; x_wconf 88' lang='lat' dir='ltr'>obsedisti.</span> <span class='ocrx_word' id='word_1_565' title='bbox 3322 2594 3687 2650; x_wconf 87' lang='lat' dir='ltr'>Inconsultus</span> <span class='ocrx_word' id='word_1_566' title='bbox 3761 2626 3766 2644; x_wconf 82' lang='grc'>.</span> 
     </span>
    </p>
   </div>
   <div class='ocr_carea' id='block_1_88' title="bbox 2330 2680 3766 2759">
    <p class='ocr_par' dir='ltr' id='par_1_88' title="bbox 2330 2680 3766 2759">
     <span class='ocr_line' id='line_1_88' title="bbox 2330 2680 3766 2759; baseline 0.005 -24"><span class='ocrx_word' id='word_1_567' title='bbox 2330 2681 2711 2751; x_wconf 86' lang='lat' dir='ltr'>suggestione</span> <span class='ocrx_word' id='word_1_568' title='bbox 2734 2681 2883 2736; x_wconf 84' lang='lat' dir='ltr'>vafri</span> <span class='ocrx_word' id='word_1_569' title='bbox 2911 2680 3137 2736; x_wconf 83' lang='lat' dir='ltr'>Arnulti</span> <span class='ocrx_word' id='word_1_570' title='bbox 3170 2682 3285 2737; x_wconf 88' lang='lat' dir='ltr'>huc</span> <span class='ocrx_word' id='word_1_571' title='bbox 3307 2683 3639 2740; x_wconf 88' lang='lat' dir='ltr'>accelerasti</span> <span class='ocrx_word' id='word_1_572' title='bbox 3663 2704 3677 2753; x_wconf 88' lang='lat'><strong>;</strong></span> <span class='ocrx_word' id='word_1_573' title='bbox 3706 2704 3766 2759; x_wconf 75' lang='lat' dir='ltr'>p1</span> 
     </span>
    </p>
   </div>
   <div class='ocr_carea' id='block_1_89' title="bbox 2328 2770 3763 2848">
    <p class='ocr_par' dir='ltr' id='par_1_89' title="bbox 2328 2770 3763 2848">
     <span class='ocr_line' id='line_1_89' title="bbox 2328 2770 3763 2848; baseline 0.003 -22"><span class='ocrx_word' id='word_1_574' title='bbox 2328 2787 2403 2826; x_wconf 91' lang='lat' dir='ltr'>ne</span> <span class='ocrx_word' id='word_1_575' title='bbox 2432 2771 2803 2826; x_wconf 91' lang='lat' dir='ltr'>inconsultus</span> <span class='ocrx_word' id='word_1_576' title='bbox 2829 2770 3199 2839; x_wconf 81' lang='lat' dir='ltr'>regrediaris.</span> <span class='ocrx_word' id='word_1_577' title='bbox 3252 2774 3299 2825; x_wconf 83' lang='lat' dir='ltr'><strong>A</strong></span> <span class='ocrx_word' id='word_1_578' title='bbox 3351 2772 3496 2828; x_wconf 89' lang='lat' dir='ltr'>mari</span> <span class='ocrx_word' id='word_1_579' title='bbox 3523 2773 3597 2828; x_wconf 83' lang='lat' dir='ltr'>ad</span> <span class='ocrx_word' id='word_1_580' title='bbox 3633 2776 3763 2848; x_wconf 86' lang='lat' dir='ltr'>Seq</span> 
     </span>
    </p>
   </div>
   <div class='ocr_carea' id='block_1_90' title="bbox 2328 2860 3758 2936">
    <p class='ocr_par' dir='ltr' id='par_1_90' title="bbox 2328 2860 3758 2936">
     <span class='ocr_line' id='line_1_90' title="bbox 2328 2860 3758 2936; baseline 0.003 -21"><span class='ocrx_word' id='word_1_581' title='bbox 2328 2877 2521 2932; x_wconf 88' lang='lat' dir='ltr'>usque</span> <span class='ocrx_word' id='word_1_582' title='bbox 2552 2860 2988 2929; x_wconf 81' lang='lat' dir='ltr'>conglobantur</span> <span class='ocrx_word' id='word_1_583' title='bbox 3015 2876 3225 2914; x_wconf 89' lang='lat' dir='ltr'>omnes</span> <span class='ocrx_word' id='word_1_584' title='bbox 3258 2860 3483 2930; x_wconf 70' lang='lat' dir='ltr'>incolae,</span> <span class='ocrx_word' id='word_1_585' title='bbox 3523 2869 3758 2936; x_wconf 88' lang='lat' dir='ltr'>postqu</span> 
     </span>
    </p>
   </div>
   <div class='ocr_carea' id='block_1_91' title="bbox 2327 2947 3765 3021">
    <p class='ocr_par' dir='ltr' id='par_1_91' title="bbox 2327 2947 3765 3021">
     <span class='ocr_line' id='line_1_91' title="bbox 2327 2947 3765 3021; baseline 0.003 -18"><span class='ocrx_word' id='word_1_586' title='bbox 2327 2947 2495 3003; x_wconf 90' lang='lat' dir='ltr'>nium</span> <span class='ocrx_word' id='word_1_587' title='bbox 2528 2948 2783 3017; x_wconf 91' lang='lat' dir='ltr'>gestiunt</span> <span class='ocrx_word' id='word_1_588' title='bbox 2810 2952 2864 3003; x_wconf 89' lang='lat' dir='ltr'>te</span> <span class='ocrx_word' id='word_1_589' title='bbox 2896 2947 3137 3002; x_wconf 88' lang='lat' dir='ltr'>aciebus</span> <span class='ocrx_word' id='word_1_590' title='bbox 3167 2949 3512 3021; x_wconf 57' lang='lat' dir='ltr'>praeparatis</span> <span class='ocrx_word' id='word_1_591' title='bbox 3542 2950 3765 3008; x_wconf 60' lang='lat' dir='ltr'>invade</span> 
     </span>
    </p>
   </div>
   <div class='ocr_carea' id='block_1_92' title="bbox 2329 3036 3766 3109">
    <p class='ocr_par' dir='ltr' id='par_1_92' title="bbox 2329 3036 3766 3109">
     <span class='ocr_line' id='line_1_92' title="bbox 2329 3036 3766 3109; baseline 0 -18"><span class='ocrx_word' id='word_1_592' title='bbox 2329 3040 2417 3091; x_wconf 92' lang='lat' dir='ltr'>est</span> <span class='ocrx_word' id='word_1_593' title='bbox 2464 3041 2681 3090; x_wconf 69' lang='lat' dir='ltr'>nostrae</span> <span class='ocrx_word' id='word_1_594' title='bbox 2732 3036 3071 3091; x_wconf 86' lang='lat' dir='ltr'>valitudinis</span> <span class='ocrx_word' id='word_1_595' title='bbox 3127 3037 3429 3109; x_wconf 89' lang='lat' dir='ltr'>nostrique</span> <span class='ocrx_word' id='word_1_596' title='bbox 3480 3038 3766 3095; x_wconf 54' lang='lat' dir='ltr'>consiliii</span> 
     </span>
    </p>
   </div>
   <div class='ocr_carea' id='block_1_93' title="bbox 2330 3123 3718 3195">
    <p class='ocr_par' dir='ltr' id='par_1_93' title="bbox 2330 3123 3718 3195">
     <span class='ocr_line' id='line_1_93' title="bbox 2330 3123 3718 3195; baseline 0.004 -17"><span class='ocrx_word' id='word_1_597' title='bbox 2330 3124 2611 3179; x_wconf 88' lang='lat' dir='ltr'>diuturno</span> <span class='ocrx_word' id='word_1_598' title='bbox 2642 3123 2926 3195; x_wconf 88' lang='lat' dir='ltr'>temporis</span> <span class='ocrx_word' id='word_1_599' title='bbox 2950 3123 3261 3179; x_wconf 90' lang='lat' dir='ltr'>intervallo</span> <span class='ocrx_word' id='word_1_600' title='bbox 3307 3125 3403 3180; x_wconf 88' lang='lat' dir='ltr'>hic</span> <span class='ocrx_word' id='word_1_601' title='bbox 3460 3128 3718 3184; x_wconf 80' lang='lat' dir='ltr'>morari.</span> 
     </span>
    </p>
   </div>
   <div class='ocr_carea' id='block_1_94' title="bbox 2332 3211 3702 3284">
    <p class='ocr_par' dir='ltr' id='par_1_94' title="bbox 2332 3211 3702 3284">
     <span class='ocr_line' id='line_1_94' title="bbox 2332 3211 3702 3284; baseline 0.001 -17"><span class='ocrx_word' id='word_1_602' title='bbox 2332 3211 2698 3267; x_wconf 87' lang='lat' dir='ltr'>Ludovicum</span> <span class='ocrx_word' id='word_1_603' title='bbox 2729 3212 2972 3282; x_wconf 67' lang='lat' dir='ltr'>paenitet</span> <span class='ocrx_word' id='word_1_604' title='bbox 2994 3211 3249 3267; x_wconf 90' lang='lat' dir='ltr'>nimium</span> <span class='ocrx_word' id='word_1_605' title='bbox 3276 3213 3393 3268; x_wconf 91' lang='lat' dir='ltr'>huc</span> <span class='ocrx_word' id='word_1_606' title='bbox 3431 3213 3702 3284; x_wconf 89' lang='lat' dir='ltr'>venisse,</span> 
     </span>
    </p>
   </div>
   <div class='ocr_carea' id='block_1_95' title="bbox 2328 3299 3763 3371">
    <p class='ocr_par' dir='ltr' id='par_1_95' title="bbox 2328 3299 3763 3371">
     <span class='ocr_line' id='line_1_95' title="bbox 2328 3299 3763 3371; baseline 0.002 -16"><span class='ocrx_word' id='word_1_607' title='bbox 2328 3300 2508 3371; x_wconf 92' lang='lat' dir='ltr'>hujus</span> <span class='ocrx_word' id='word_1_608' title='bbox 2537 3299 2863 3356; x_wconf 90' lang='lat' dir='ltr'>obsidionis</span> <span class='ocrx_word' id='word_1_609' title='bbox 2892 3299 3236 3356; x_wconf 88' lang='lat' dir='ltr'>dilatatione</span> <span class='ocrx_word' id='word_1_610' title='bbox 3289 3301 3459 3357; x_wconf 88' lang='lat' dir='ltr'>novit</span> <span class='ocrx_word' id='word_1_611' title='bbox 3498 3317 3561 3356; x_wconf 91' lang='lat' dir='ltr'>se</span> <span class='ocrx_word' id='word_1_612' title='bbox 3617 3304 3763 3359; x_wconf 86' lang='lat' dir='ltr'>nihi</span> 
     </span>
    </p>
   </div>
   <div class='ocr_carea' id='block_1_96' title="bbox 2332 3388 3764 3462">
    <p class='ocr_par' dir='ltr' id='par_1_96' title="bbox 2332 3388 3764 3462">
     <span class='ocr_line' id='line_1_96' title="bbox 2332 3388 3764 3462; baseline 0.002 -17"><span class='ocrx_word' id='word_1_613' title='bbox 2332 3405 2482 3445; x_wconf 92' lang='lat' dir='ltr'>cere.</span> <span class='ocrx_word' id='word_1_614' title='bbox 2514 3388 2792 3444; x_wconf 87' lang='lat' dir='ltr'>Arnulfus</span> <span class='ocrx_word' id='word_1_615' title='bbox 2822 3404 2962 3443; x_wconf 88' lang='lat' dir='ltr'>vero</span> <span class='ocrx_word' id='word_1_616' title='bbox 2989 3388 3259 3461; x_wconf 90' lang='lat' dir='ltr'>plurimis</span> <span class='ocrx_word' id='word_1_617' title='bbox 3306 3390 3764 3462; x_wconf 83' lang='lat' dir='ltr'>sophismatuu</span> 
     </span>
    </p>
   </div>
   <div class='ocr_carea' id='block_1_97' title="bbox 2334 3476 3762 3548">
    <p class='ocr_par' dir='ltr' id='par_1_97' title="bbox 2334 3476 3762 3548">
     <span class='ocr_line' id='line_1_97' title="bbox 2334 3476 3762 3548; baseline 0.004 -16"><span class='ocrx_word' id='word_1_618' title='bbox 2334 3477 2507 3548; x_wconf 89' lang='lat' dir='ltr'>gibus</span> <span class='ocrx_word' id='word_1_619' title='bbox 2537 3476 2860 3545; x_wconf 90' lang='lat' dir='ltr'>intricatus,</span> <span class='ocrx_word' id='word_1_620' title='bbox 2906 3477 3286 3548; x_wconf 80' lang='lat' dir='ltr'>promulgata</span> <span class='ocrx_word' id='word_1_621' title='bbox 3341 3478 3436 3533; x_wconf 92' lang='lat' dir='ltr'>sui</span> <span class='ocrx_word' id='word_1_622' title='bbox 3487 3480 3762 3537; x_wconf 62' lang='lat' dir='ltr'>mendam</span> 
     </span>
    </p>
   </div>
   <div class='ocr_carea' id='block_1_98' title="bbox 2332 3564 3762 3633">
    <p class='ocr_par' dir='ltr' id='par_1_98' title="bbox 2332 3564 3762 3633">
     <span class='ocr_line' id='line_1_98' title="bbox 2332 3564 3762 3633; baseline 0.002 -12"><span class='ocrx_word' id='word_1_623' title='bbox 2332 3565 2452 3633; x_wconf 91' lang='lat' dir='ltr'>nio,</span> <span class='ocrx_word' id='word_1_624' title='bbox 2476 3565 2569 3621; x_wconf 93' lang='lat' dir='ltr'>hic</span> <span class='ocrx_word' id='word_1_625' title='bbox 2596 3569 2651 3619; x_wconf 91' lang='lat' dir='ltr'>et</span> <span class='ocrx_word' id='word_1_626' title='bbox 2680 3564 2775 3619; x_wconf 91' lang='lat' dir='ltr'>hic</span> <span class='ocrx_word' id='word_1_627' title='bbox 2823 3564 3129 3633; x_wconf 90' lang='lat' dir='ltr'>latitando,</span> <span class='ocrx_word' id='word_1_628' title='bbox 3186 3581 3307 3621; x_wconf 93' lang='lat' dir='ltr'>non</span> <span class='ocrx_word' id='word_1_629' title='bbox 3365 3566 3569 3622; x_wconf 89' lang='lat' dir='ltr'>ambit</span> <span class='ocrx_word' id='word_1_630' title='bbox 3618 3586 3762 3625; x_wconf 76' lang='lat' dir='ltr'>ser:</span> 
     </span>
    </p>
   </div>
   <div class='ocr_carea' id='block_1_99' title="bbox 2333 3653 3761 3726">
    <p class='ocr_par' dir='ltr' id='par_1_99' title="bbox 2333 3653 3761 3726">
     <span class='ocr_line' id='line_1_99' title="bbox 2333 3653 3761 3726; baseline 0.002 -16"><span class='ocrx_word' id='word_1_631' title='bbox 2333 3659 2529 3711; x_wconf 91' lang='lat' dir='ltr'>tecum</span> <span class='ocrx_word' id='word_1_632' title='bbox 2551 3653 2828 3726; x_wconf 89' lang='lat' dir='ltr'>amplius.</span> <span class='ocrx_word' id='word_1_633' title='bbox 2862 3655 2927 3709; x_wconf 88' lang='lat' dir='ltr'>Et</span> <span class='ocrx_word' id='word_1_634' title='bbox 2948 3653 3081 3709; x_wconf 90' lang='lat' dir='ltr'>ideo</span> <span class='ocrx_word' id='word_1_635' title='bbox 3110 3654 3355 3710; x_wconf 67' lang='lat' dir='ltr'>interna:</span> <span class='ocrx_word' id='word_1_636' title='bbox 3383 3655 3761 3713; x_wconf 79' lang='lat' dir='ltr'>meditatior</span> 
     </span>
    </p>
   </div>
   <div class='ocr_carea' id='block_1_100' title="bbox 2332 3742 3762 3815">
    <p class='ocr_par' dir='ltr' id='par_1_100' title="bbox 2332 3742 3762 3815">
     <span class='ocr_line' id='line_1_100' title="bbox 2332 3742 3762 3815; baseline 0.002 -16"><span class='ocrx_word' id='word_1_637' title='bbox 2332 3747 2457 3799; x_wconf 92' lang='lat' dir='ltr'>tatu</span> <span class='ocrx_word' id='word_1_638' title='bbox 2486 3746 2811 3798; x_wconf 90' lang='lat' dir='ltr'>retractans</span> <span class='ocrx_word' id='word_1_639' title='bbox 2835 3742 3137 3815; x_wconf 90' lang='lat' dir='ltr'>perpende</span> <span class='ocrx_word' id='word_1_640' title='bbox 3155 3742 3299 3815; x_wconf 89' lang='lat' dir='ltr'>quid</span> <span class='ocrx_word' id='word_1_641' title='bbox 3325 3743 3510 3799; x_wconf 91' lang='lat' dir='ltr'>nobis</span> <span class='ocrx_word' id='word_1_642' title='bbox 3531 3747 3762 3802; x_wconf 63' lang='lat' dir='ltr'>Trans}</span> 
     </span>
    </p>
   </div>
   <div class='ocr_carea' id='block_1_101' title="bbox 2334 3830 3760 3902">
    <p class='ocr_par' dir='ltr' id='par_1_101' title="bbox 2334 3830 3760 3902">
     <span class='ocr_line' id='line_1_101' title="bbox 2334 3830 3760 3902; baseline 0.001 -15"><span class='ocrx_word' id='word_1_643' title='bbox 2334 3830 2639 3902; x_wconf 90' lang='lat' dir='ltr'>agendum</span> <span class='ocrx_word' id='word_1_644' title='bbox 2666 3831 2738 3885; x_wconf 87' lang='lat' dir='ltr'>sit</span> <span class='ocrx_word' id='word_1_645' title='bbox 2766 3830 2825 3886; x_wconf 92' lang='lat' dir='ltr'>in</span> <span class='ocrx_word' id='word_1_646' title='bbox 2854 3830 2969 3886; x_wconf 91' lang='lat' dir='ltr'>ista</span> <span class='ocrx_word' id='word_1_647' title='bbox 2999 3830 3330 3887; x_wconf 91' lang='lat' dir='ltr'>obsidione.</span> <span class='ocrx_word' id='word_1_648' title='bbox 3370 3832 3531 3887; x_wconf 91' lang='lat' dir='ltr'>Urbs</span> <span class='ocrx_word' id='word_1_649' title='bbox 3565 3850 3706 3889; x_wconf 87' lang='lat' dir='ltr'>non</span> <span class='ocrx_word' id='word_1_650' title='bbox 3749 3858 3760 3888; x_wconf 69' lang='grc'><strong><em>4</em></strong></span> 
     </span>
    </p>
   </div>
   <div class='ocr_carea' id='block_1_102' title="bbox 2331 3918 3759 3987">
    <p class='ocr_par' dir='ltr' id='par_1_102' title="bbox 2331 3918 3759 3987">
     <span class='ocr_line' id='line_1_102' title="bbox 2331 3918 3759 3987; baseline 0.001 -11"><span class='ocrx_word' id='word_1_651' title='bbox 2331 3919 2572 3976; x_wconf 90' lang='lat' dir='ltr'>obsides</span> <span class='ocrx_word' id='word_1_652' title='bbox 2611 3935 2732 3975; x_wconf 91' lang='lat' dir='ltr'>non</span> <span class='ocrx_word' id='word_1_653' title='bbox 2765 3918 3090 3987; x_wconf 90' lang='lat' dir='ltr'>dabuntur,</span> <span class='ocrx_word' id='word_1_654' title='bbox 3138 3934 3348 3975; x_wconf 90' lang='lat' dir='ltr'>verum</span> <span class='ocrx_word' id='word_1_655' title='bbox 3400 3920 3759 3979; x_wconf 82' lang='lat' dir='ltr'>incluctab;</span> 
     </span>
    </p>
   </div>
   <div class='ocr_carea' id='block_1_103' title="bbox 2332 4008 3723 4066">
    <p class='ocr_par' dir='ltr' id='par_1_103' title="bbox 2332 4008 3723 4066">
     <span class='ocr_line' id='line_1_103' title="bbox 2332 4008 3723 4066; baseline 0.001 -1"><span class='ocrx_word' id='word_1_656' title='bbox 2332 4009 2626 4065; x_wconf 91' lang='lat' dir='ltr'>damnum</span> <span class='ocrx_word' id='word_1_657' title='bbox 2656 4013 2951 4063; x_wconf 90' lang='lat' dir='ltr'>accrescet</span> <span class='ocrx_word' id='word_1_658' title='bbox 2968 4008 3246 4065; x_wconf 91' lang='lat' dir='ltr'>velocius.</span> <span class='ocrx_word' id='word_1_659' title='bbox 3283 4009 3539 4065; x_wconf 87' lang='lat' dir='ltr'>Utinam</span> <span class='ocrx_word' id='word_1_660' title='bbox 3583 4016 3723 4066; x_wconf 64' lang='lat' dir='ltr'>ture</span> 
     </span>
    </p>
   </div>
   <div class='ocr_carea' id='block_1_104' title="bbox 2331 4096 3757 4171">
    <p class='ocr_par' dir='ltr' id='par_1_104' title="bbox 2331 4096 3757 4171">
     <span class='ocr_line' id='line_1_104' title="bbox 2331 4096 3757 4171; baseline 0.002 -18"><span class='ocrx_word' id='word_1_661' title='bbox 2331 4101 2625 4171; x_wconf 75' lang='lat' dir='ltr'>praecepto</span> <span class='ocrx_word' id='word_1_662' title='bbox 2655 4101 2807 4153; x_wconf 90' lang='lat' dir='ltr'>esset</span> <span class='ocrx_word' id='word_1_663' title='bbox 2834 4096 3105 4169; x_wconf 88' lang='lat' dir='ltr'>quisquis</span> <span class='ocrx_word' id='word_1_664' title='bbox 3135 4102 3438 4168; x_wconf 89' lang='lat' dir='ltr'>nostrum,</span> <span class='ocrx_word' id='word_1_665' title='bbox 3506 4115 3661 4171; x_wconf 77' lang='lat' dir='ltr'>quo</span> <span class='ocrx_word' id='word_1_666' title='bbox 3689 4107 3757 4156; x_wconf 83' lang='lat' dir='ltr'>te</span> 
     </span>
    </p>
   </div>
   <div class='ocr_carea' id='block_1_105' title="bbox 2332 4185 3758 4259">
    <p class='ocr_par' dir='ltr' id='par_1_105' title="bbox 2332 4185 3758 4259">
     <span class='ocr_line' id='line_1_105' title="bbox 2332 4185 3758 4259; baseline 0.002 -18"><span class='ocrx_word' id='word_1_667' title='bbox 2332 4187 2418 4242; x_wconf 89' lang='lat' dir='ltr'>tiit</span> <span class='ocrx_word' id='word_1_668' title='bbox 2450 4185 2693 4242; x_wconf 90' lang='lat' dir='ltr'>exordio</span> <span class='ocrx_word' id='word_1_669' title='bbox 2721 4186 3043 4241; x_wconf 88' lang='lat' dir='ltr'>nativitatis</span> <span class='ocrx_word' id='word_1_670' title='bbox 3075 4203 3197 4241; x_wconf 70' lang='lat' dir='ltr'>suae</span> <span class='ocrx_word' id='word_1_671' title='bbox 3223 4186 3235 4241; x_wconf 85' lang='grc'>1</span> <span class='ocrx_word' id='word_1_672' title='bbox 3272 4186 3389 4242; x_wconf 93' lang='lat' dir='ltr'>Sed</span> <span class='ocrx_word' id='word_1_673' title='bbox 3424 4187 3596 4259; x_wconf 89' lang='lat' dir='ltr'>quia</span> <span class='ocrx_word' id='word_1_674' title='bbox 3628 4190 3758 4244; x_wconf 82' lang='lat' dir='ltr'>nol</span> 
     </span>
    </p>
   </div>
   <div class='ocr_carea' id='block_1_106' title="bbox 2333 4275 3758 4350">
    <p class='ocr_par' dir='ltr' id='par_1_106' title="bbox 2333 4275 3758 4350">
     <span class='ocr_line' id='line_1_106' title="bbox 2333 4275 3758 4350; baseline 0.002 -19"><span class='ocrx_word' id='word_1_675' title='bbox 2333 4276 2577 4332; x_wconf 90' lang='lat' dir='ltr'>minime</span> <span class='ocrx_word' id='word_1_676' title='bbox 2608 4275 2909 4331; x_wconf 76' lang='lat' dir='ltr'>sufﬁciunt</span> <span class='ocrx_word' id='word_1_677' title='bbox 2928 4280 3081 4342; x_wconf 83' lang='lat' dir='ltr'>vota,</span> <span class='ocrx_word' id='word_1_678' title='bbox 3108 4292 3462 4348; x_wconf 89' lang='lat' dir='ltr'>precamur,</span> <span class='ocrx_word' id='word_1_679' title='bbox 3503 4283 3758 4350; x_wconf 83' lang='lat' dir='ltr'>torque</span> 
     </span>
    </p>
   </div>
   <div class='ocr_carea' id='block_1_107' title="bbox 2332 4364 3757 4435">
    <p class='ocr_par' dir='ltr' id='par_1_107' title="bbox 2332 4364 3757 4435">
     <span class='ocr_line' id='line_1_107' title="bbox 2332 4364 3757 4435; baseline 0.001 -14"><span class='ocrx_word' id='word_1_680' title='bbox 2332 4382 2413 4421; x_wconf 66' lang='lat' dir='ltr'>rae</span> <span class='ocrx_word' id='word_1_681' title='bbox 2442 4364 2824 4435; x_wconf 89' lang='lat' dir='ltr'>regressionis</span> <span class='ocrx_word' id='word_1_682' title='bbox 2856 4364 3121 4434; x_wconf 88' lang='lat' dir='ltr'>vestigia,</span> <span class='ocrx_word' id='word_1_683' title='bbox 3156 4370 3377 4421; x_wconf 91' lang='lat' dir='ltr'>terram</span> <span class='ocrx_word' id='word_1_684' title='bbox 3407 4372 3671 4421; x_wconf 83' lang='lat' dir='ltr'>nostrae</span> <span class='ocrx_word' id='word_1_685' title='bbox 3736 4387 3757 4423; x_wconf 81' lang='grc' dir='ltr'>ι</span> 
     </span>
    </p>
   </div>
   <div class='ocr_carea' id='block_1_108' title="bbox 2331 4452 3755 4526">
    <p class='ocr_par' dir='ltr' id='par_1_108' title="bbox 2331 4452 3755 4526">
     <span class='ocr_line' id='line_1_108' title="bbox 2331 4452 3755 4526; baseline 0.001 -16"><span class='ocrx_word' id='word_1_686' title='bbox 2331 4454 2651 4526; x_wconf 90' lang='lat' dir='ltr'>repetitura</span> <span class='ocrx_word' id='word_1_687' title='bbox 2682 4470 2695 4508; x_wconf 87' lang='lat'><strong>:</strong></span> <span class='ocrx_word' id='word_1_688' title='bbox 2726 4476 2753 4503; x_wconf 87' lang='grc'>››</span> <span class='ocrx_word' id='word_1_689' title='bbox 2797 4452 2988 4523; x_wconf 84' lang='lat' dir='ltr'>Hujus</span> <span class='ocrx_word' id='word_1_690' title='bbox 3017 4452 3193 4523; x_wconf 88' lang='lat' dir='ltr'>igitur</span> <span class='ocrx_word' id='word_1_691' title='bbox 3240 4454 3571 4510; x_wconf 86' lang='lat' dir='ltr'>sermonis</span> <span class='ocrx_word' id='word_1_692' title='bbox 3639 4457 3755 4511; x_wconf 90' lang='lat' dir='ltr'>col</span> 
     </span>
    </p>
   </div>
   <div class='ocr_carea' id='block_1_109' title="bbox 2332 4540 3733 4615">
    <p class='ocr_par' dir='ltr' id='par_1_109' title="bbox 2332 4540 3733 4615">
     <span class='ocr_line' id='line_1_109' title="bbox 2332 4540 3733 4615; baseline 0 -16"><span class='ocrx_word' id='word_1_693' title='bbox 2332 4542 2447 4599; x_wconf 91' lang='lat' dir='ltr'>bus</span> <span class='ocrx_word' id='word_1_694' title='bbox 2471 4558 2574 4599; x_wconf 90' lang='lat' dir='ltr'>rex</span> <span class='ocrx_word' id='word_1_695' title='bbox 2604 4542 2753 4599; x_wconf 89' lang='lat' dir='ltr'>Otho</span> <span class='ocrx_word' id='word_1_696' title='bbox 2784 4540 3180 4612; x_wconf 90' lang='lat' dir='ltr'>submonitus,</span> <span class='ocrx_word' id='word_1_697' title='bbox 3208 4540 3733 4615; x_wconf 84' lang='lat' dir='ltr'>formidansque</span> 
     </span>
    </p>
   </div>
   <div class='ocr_carea' id='block_1_110' title="bbox 2334 4629 3721 4703">
    <p class='ocr_par' dir='ltr' id='par_1_110' title="bbox 2334 4629 3721 4703">
     <span class='ocr_line' id='line_1_110' title="bbox 2334 4629 3721 4703; baseline 0 -16"><span class='ocrx_word' id='word_1_698' title='bbox 2334 4630 2513 4687; x_wconf 81' lang='lat' dir='ltr'>futuri</span> <span class='ocrx_word' id='word_1_699' title='bbox 2537 4629 2782 4703; x_wconf 91' lang='lat' dir='ltr'>periculi</span> <span class='ocrx_word' id='word_1_700' title='bbox 2811 4645 3009 4699; x_wconf 88' lang='lat' dir='ltr'>casus,</span> <span class='ocrx_word' id='word_1_701' title='bbox 3036 4629 3210 4702; x_wconf 90' lang='lat' dir='ltr'>quasi</span> <span class='ocrx_word' id='word_1_702' title='bbox 3239 4629 3402 4686; x_wconf 85' lang='lat' dir='ltr'>infra</span> <span class='ocrx_word' id='word_1_703' title='bbox 3438 4635 3721 4687; x_wconf 87' lang='lat' dir='ltr'>statum</span> 
     </span>
    </p>
   </div>
   <div class='ocr_carea' id='block_1_111' title="bbox 2333 4717 3755 4793">
    <p class='ocr_par' dir='ltr' id='par_1_111' title="bbox 2333 4717 3755 4793">
     <span class='ocr_line' id='line_1_111' title="bbox 2333 4717 3755 4793; baseline 0 -17"><span class='ocrx_word' id='word_1_704' title='bbox 2333 4720 2406 4776; x_wconf 90' lang='lat' dir='ltr'>tis</span> <span class='ocrx_word' id='word_1_705' title='bbox 2434 4724 2725 4791; x_wconf 91' lang='lat' dir='ltr'>receptus,</span> <span class='ocrx_word' id='word_1_706' title='bbox 2758 4717 2979 4773; x_wconf 90' lang='lat' dir='ltr'>diutius</span> <span class='ocrx_word' id='word_1_707' title='bbox 3031 4718 3327 4774; x_wconf 90' lang='lat' dir='ltr'>meditans</span> <span class='ocrx_word' id='word_1_708' title='bbox 3388 4718 3553 4775; x_wconf 85' lang='lat' dir='ltr'>inﬁt</span> <span class='ocrx_word' id='word_1_709' title='bbox 3624 4722 3755 4793; x_wconf 81' lang='lat' dir='ltr'>pri;</span> 
     </span>
    </p>
   </div>
   <div class='ocr_carea' id='block_1_112' title="bbox 2337 4805 3734 4880">
    <p class='ocr_par' dir='ltr' id='par_1_112' title="bbox 2337 4805 3734 4880">
     <span class='ocr_line' id='line_1_112' title="bbox 2337 4805 3734 4880; baseline 0.004 -21"><span class='ocrx_word' id='word_1_710' title='bbox 2337 4831 2364 4859; x_wconf 82' lang='lat'><strong><em>«</em></strong></span> <span class='ocrx_word' id='word_1_711' title='bbox 2390 4812 2468 4865; x_wconf 86' lang='lat' dir='ltr'>Ne</span> <span class='ocrx_word' id='word_1_712' title='bbox 2498 4808 2705 4880; x_wconf 90' lang='lat' dir='ltr'>pejora</span> <span class='ocrx_word' id='word_1_713' title='bbox 2730 4806 3028 4879; x_wconf 90' lang='lat' dir='ltr'>prioribus</span> <span class='ocrx_word' id='word_1_714' title='bbox 3053 4805 3386 4863; x_wconf 85' lang='lat' dir='ltr'>infortunia</span> <span class='ocrx_word' id='word_1_715' title='bbox 3415 4808 3734 4865; x_wconf 86' lang='lat' dir='ltr'>fortuitu</span> 
     </span>
    </p>
   </div>
   <div class='ocr_carea' id='block_1_113' title="bbox 2334 4895 3753 4953">
    <p class='ocr_par' dir='ltr' id='par_1_113' title="bbox 2334 4895 3753 4953">
     <span class='ocr_line' id='line_1_113' title="bbox 2334 4895 3753 4953; baseline -0.001 0"><span class='ocrx_word' id='word_1_716' title='bbox 2334 4913 2480 4953; x_wconf 92' lang='lat' dir='ltr'>neve</span> <span class='ocrx_word' id='word_1_717' title='bbox 2508 4896 2697 4952; x_wconf 89' lang='lat' dir='ltr'>nostri</span> <span class='ocrx_word' id='word_1_718' title='bbox 2719 4895 2940 4951; x_wconf 91' lang='lat' dir='ltr'>inimici</span> <span class='ocrx_word' id='word_1_719' title='bbox 2993 4896 3179 4951; x_wconf 90' lang='lat' dir='ltr'>nostri</span> <span class='ocrx_word' id='word_1_720' title='bbox 3225 4896 3627 4952; x_wconf 83' lang='lat' dir='ltr'>detrimenti</span> <span class='ocrx_word' id='word_1_721' title='bbox 3689 4917 3753 4953; x_wconf 68' lang='grc' dir='ltr'>ει</span> 
     </span>
    </p>
   </div>
   <div class='ocr_carea' id='block_1_114' title="bbox 2335 4984 3753 5057">
    <p class='ocr_par' dir='ltr' id='par_1_114' title="bbox 2335 4984 3753 5057">
     <span class='ocr_line' id='line_1_114' title="bbox 2335 4984 3753 5057; baseline 0.001 -15"><span class='ocrx_word' id='word_1_722' title='bbox 2335 4986 2627 5043; x_wconf 83' lang='lat' dir='ltr'>exsultent</span> <span class='ocrx_word' id='word_1_723' title='bbox 2655 4984 2935 5057; x_wconf 92' lang='lat' dir='ltr'>amplius,</span> <span class='ocrx_word' id='word_1_724' title='bbox 2962 4985 3068 5042; x_wconf 89' lang='lat' dir='ltr'>iter</span> <span class='ocrx_word' id='word_1_725' title='bbox 3088 4992 3304 5041; x_wconf 65' lang='lat' dir='ltr'>nostrae</span> <span class='ocrx_word' id='word_1_726' title='bbox 3334 4988 3753 5056; x_wconf 80' lang='lat' dir='ltr'>regressior</span> 
     </span>
    </p>
   </div>
   <div class='ocr_carea' id='block_1_115' title="bbox 2333 5074 3753 5147">
    <p class='ocr_par' dir='ltr' id='par_1_115' title="bbox 2333 5074 3753 5147">
     <span class='ocr_line' id='line_1_115' title="bbox 2333 5074 3753 5147; baseline 0 -16"><span class='ocrx_word' id='word_1_727' title='bbox 2333 5076 2426 5131; x_wconf 90' lang='lat' dir='ltr'>bis</span> <span class='ocrx_word' id='word_1_728' title='bbox 2455 5074 2616 5146; x_wconf 90' lang='lat' dir='ltr'>libet,</span> <span class='ocrx_word' id='word_1_729' title='bbox 2658 5090 2789 5129; x_wconf 85' lang='lat' dir='ltr'>cras</span> <span class='ocrx_word' id='word_1_730' title='bbox 2839 5079 3198 5145; x_wconf 85' lang='lat' dir='ltr'>repetamus.</span> <span class='ocrx_word' id='word_1_731' title='bbox 3237 5096 3264 5123; x_wconf 85' lang='lat'>»</span> <span class='ocrx_word' id='word_1_732' title='bbox 3304 5074 3451 5129; x_wconf 86' lang='lat' dir='ltr'>Hoc</span> <span class='ocrx_word' id='word_1_733' title='bbox 3520 5091 3753 5147; x_wconf 62' lang='lat' dir='ltr'>name</span> 
     </span>
    </p>
   </div>
   <div class='ocr_carea' id='block_1_116' title="bbox 2335 5161 3752 5235">
    <p class='ocr_par' dir='ltr' id='par_1_116' title="bbox 2335 5161 3752 5235">
     <span class='ocr_line' id='line_1_116' title="bbox 2335 5161 3752 5235; baseline 0.001 -16"><span class='ocrx_word' id='word_1_734' title='bbox 2335 5164 2480 5219; x_wconf 90' lang='lat' dir='ltr'>lium</span> <span class='ocrx_word' id='word_1_735' title='bbox 2505 5161 2940 5218; x_wconf 88' lang='lat' dir='ltr'>Transrhenani</span> <span class='ocrx_word' id='word_1_736' title='bbox 2982 5162 3405 5218; x_wconf 89' lang='lat' dir='ltr'>collaudantes</span> <span class='ocrx_word' id='word_1_737' title='bbox 3468 5179 3617 5235; x_wconf 80' lang='lat' dir='ltr'>per</span> <span class='ocrx_word' id='word_1_738' title='bbox 3682 5182 3752 5220; x_wconf 87' lang='grc' dir='ltr'>οι</span> 
     </span>
    </p>
   </div>
   <div class='ocr_carea' id='block_1_117' title="bbox 2333 5250 3752 5324">
    <p class='ocr_par' dir='ltr' id='par_1_117' title="bbox 2333 5250 3752 5324">
     <span class='ocr_line' id='line_1_117' title="bbox 2333 5250 3752 5324; baseline 0.001 -17"><span class='ocrx_word' id='word_1_739' title='bbox 2333 5252 2494 5307; x_wconf 90' lang='lat' dir='ltr'>tione</span> <span class='ocrx_word' id='word_1_740' title='bbox 2526 5251 2659 5306; x_wconf 89' lang='lat' dir='ltr'>fusa</span> <span class='ocrx_word' id='word_1_741' title='bbox 2686 5250 2747 5306; x_wconf 91' lang='lat' dir='ltr'>in</span> <span class='ocrx_word' id='word_1_742' title='bbox 2777 5251 2963 5307; x_wconf 89' lang='lat' dir='ltr'>sancti</span> <span class='ocrx_word' id='word_1_743' title='bbox 2990 5251 3138 5307; x_wconf 89' lang='lat' dir='ltr'>Petri</span> <span class='ocrx_word' id='word_1_744' title='bbox 3165 5252 3520 5324; x_wconf 85' lang='lat' dir='ltr'>sanctique</span> <span class='ocrx_word' id='word_1_745' title='bbox 3573 5255 3752 5309; x_wconf 80' lang='lat' dir='ltr'>Aud</span> 
     </span>
    </p>
   </div>
   <div class='ocr_carea' id='block_1_118' title="bbox 2332 5340 3751 5412">
    <p class='ocr_par' dir='ltr' id='par_1_118' title="bbox 2332 5340 3751 5412">
     <span class='ocr_line' id='line_1_118' title="bbox 2332 5340 3751 5412; baseline 0.001 -17"><span class='ocrx_word' id='word_1_746' title='bbox 2332 5341 2467 5412; x_wconf 88' lang='lat' dir='ltr'>lica,</span> <span class='ocrx_word' id='word_1_747' title='bbox 2516 5343 2791 5412; x_wconf 90' lang='lat' dir='ltr'>repetunt</span> <span class='ocrx_word' id='word_1_748' title='bbox 2841 5341 3057 5397; x_wconf 89' lang='lat' dir='ltr'>hilares</span> <span class='ocrx_word' id='word_1_749' title='bbox 3133 5340 3421 5397; x_wconf 88' lang='lat' dir='ltr'>tentaria.</span> <span class='ocrx_word' id='word_1_750' title='bbox 3541 5346 3751 5397; x_wconf 71' lang='lat' dir='ltr'>Al‘l‘ll</span> 
     </span>
    </p>
   </div>
   <div class='ocr_carea' id='block_1_119' title="bbox 2334 5430 3752 5502">
    <p class='ocr_par' dir='ltr' id='par_1_119' title="bbox 2334 5430 3752 5502">
     <span class='ocr_line' id='line_1_119' title="bbox 2334 5430 3752 5502; baseline 0.001 -17"><span class='ocrx_word' id='word_1_751' title='bbox 2334 5446 2555 5497; x_wconf 89' lang='lat' dir='ltr'>comes,</span> <span class='ocrx_word' id='word_1_752' title='bbox 2582 5430 2772 5485; x_wconf 88' lang='lat' dir='ltr'>relatu</span> <span class='ocrx_word' id='word_1_753' title='bbox 2800 5430 3227 5502; x_wconf 88' lang='lat' dir='ltr'>quorumdam,</span> <span class='ocrx_word' id='word_1_754' title='bbox 3263 5435 3327 5484; x_wconf 93' lang='lat' dir='ltr'>ut</span> <span class='ocrx_word' id='word_1_755' title='bbox 3349 5431 3752 5502; x_wconf 65' lang='lat' dir='ltr'>praevidet</span> 
     </span>
    </p>
   </div>
   <div class='ocr_carea' id='block_1_120' title="bbox 2331 5517 3749 5585">
    <p class='ocr_par' dir='ltr' id='par_1_120' title="bbox 2331 5517 3749 5585">
     <span class='ocr_line' id='line_1_120' title="bbox 2331 5517 3749 5585; baseline 0.002 -13"><span class='ocrx_word' id='word_1_756' title='bbox 2331 5522 2508 5585; x_wconf 86' lang='lat' dir='ltr'>retur,</span> <span class='ocrx_word' id='word_1_757' title='bbox 2541 5517 2805 5585; x_wconf 88' lang='lat' dir='ltr'>edoctus,</span> <span class='ocrx_word' id='word_1_758' title='bbox 2834 5518 3105 5572; x_wconf 74' lang='lat' dir='ltr'>obscurze</span> <span class='ocrx_word' id='word_1_759' title='bbox 3137 5517 3326 5572; x_wconf 90' lang='lat' dir='ltr'>noctis</span> <span class='ocrx_word' id='word_1_760' title='bbox 3366 5518 3749 5575; x_wconf 75' lang='lat' dir='ltr'>conticini</span> 
     </span>
    </p>
   </div>
   <div class='ocr_carea' id='block_1_121' title="bbox 2332 5603 3749 5678">
    <p class='ocr_par' dir='ltr' id='par_1_121' title="bbox 2332 5603 3749 5678">
     <span class='ocr_line' id='line_1_121' title="bbox 2332 5603 3749 5678; baseline 0.004 -21"><span class='ocrx_word' id='word_1_761' title='bbox 2332 5603 2488 5659; x_wconf 91' lang='lat' dir='ltr'>facto</span> <span class='ocrx_word' id='word_1_762' title='bbox 2519 5621 2627 5659; x_wconf 89' lang='lat' dir='ltr'>suo</span> <span class='ocrx_word' id='word_1_763' title='bbox 2658 5606 2937 5673; x_wconf 89' lang='lat' dir='ltr'>exercitu,</span> <span class='ocrx_word' id='word_1_764' title='bbox 2969 5605 3177 5660; x_wconf 86' lang='lat' dir='ltr'>castris</span> <span class='ocrx_word' id='word_1_765' title='bbox 3208 5605 3711 5678; x_wconf 83' lang='lat' dir='ltr'>tentoriisque</span> <span class='ocrx_word' id='word_1_766' title='bbox 3748 5644 3749 5647; x_wconf 60' lang='grc' dir='ltr'><strong>η</strong></span> 
     </span>
    </p>
   </div>
   <div class='ocr_carea' id='block_1_122' title="bbox 2336 5693 3750 5767">
    <p class='ocr_par' dir='ltr' id='par_1_122' title="bbox 2336 5693 3750 5767">
     <span class='ocr_line' id='line_1_122' title="bbox 2336 5693 3750 5767; baseline 0.005 -21"><span class='ocrx_word' id='word_1_767' title='bbox 2336 5693 2615 5749; x_wconf 88' lang='lat' dir='ltr'>secretius</span> <span class='ocrx_word' id='word_1_768' title='bbox 2713 5700 2892 5765; x_wconf 89' lang='lat' dir='ltr'>atque</span> <span class='ocrx_word' id='word_1_769' title='bbox 2974 5710 3045 5749; x_wconf 86' lang='lat' dir='ltr'>ex</span> <span class='ocrx_word' id='word_1_770' title='bbox 3146 5694 3309 5749; x_wconf 90' lang='lat' dir='ltr'>omni</span> <span class='ocrx_word' id='word_1_771' title='bbox 3402 5698 3750 5767; x_wconf 85' lang='lat' dir='ltr'>suppell</span> 
     </span>
    </p>
   </div>
  </div>
