3878 6382
39 247 148 298 721
559 245 649 299 DE
686 243 920 300 GESTIS
958 244 1386 301 ΝΟΒΜΑΝΝΙᾹΞ
1426 244 1570 299 ΒΗΟ

1943 242 2370 299 [‘RES.-LIB.
2407 245 2495 299 Ill.
2542 242 2971 300 RICHARDUS.
3040 210 3048 216 ’
3370 247 3474 299 722

38 366 198 423 ratis
230 366 400 439 equis
439 371 495 422 et
532 366 837 439 plaustris,
898 372 1079 423 noctu
1132 368 1368 423 silenter
1424 372 1713 439 cauteque
1742 370 1789 422 Α
1827 365 2059 421 Ordinis
2134 371 2313 439 atque
2370 367 2719 439 gradusque
2785 366 3119 424 monastica
3183 366 3478 440 suppleat,

39 462 235 529 atque
262 456 602 511 clanculum
629 456 952 529 profectus,
997 457 1301 530 repetebat
1353 472 1493 513 rura
1546 457 1715 513 Flan-
3200 458 3410 528 [ornet,

40 545 298 601 drensia
322 544 758 600 velocissimus.
2005 544 2261 614 Stringat
2282 551 2338 601 et
2366 546 2713 619 ampliﬁcet,

689 634 1086 689 Arosrnorm.
1826 634 2097 705 Legeque
2126 635 2381 691 normali
2410 634 2773 708 compellens
2804 634 2996 691 vivere
3026 639 3202 705 cogat

42 723 230 793 Otho,
262 738 439 793 surge
469 721 750 789 velocius,
787 728 843 779 et
870 722 1009 793 fuge
1034 738 1194 778 nunc
1225 723 1399 790 citus,
2008 722 2251 778 Servitio
2280 723 2611 791 Altithroni,

236 812 507 868 Natalem
537 816 669 884 pete
694 812 933 880 glebam
960 812 972 867 Ι
1830 809 2039 883 Sicque
2067 811 2357 867 corollarii
2379 812 2579 885 superi
2592 812 2952 868 commercia
2980 811 3242 880 lucrans,

40 901 285 957 Vindex
314 917 458 956 nam
489 917 740 974 superus
767 905 868 956 tua
893 901 1117 957 territat
1143 898 1408 971 agmina.
1624 912 1625 915 ‘
2007 902 2168 957 Vivet
2193 902 2255 956 in
2283 919 2418 958 arce
2448 902 2593 975 poli.

241 992 501 1059 Surgens
527 1005 687 1045 nunc
719 990 832 1045 cito
860 989 1003 1044 cede
1038 990 1060 1045 ε·

44 1042 883 1136 uncto}Eiiébifiglvsﬁiiii
903 1042 1087 1146 aliis}
1120 1094 1193 1133 en
1224 1077 1368 1147 fuga

2246 1042 2609 1081 APOSTROPHA
2639 1042 2710 1081 AD
2741 1042 3078 1081 RICHARDUM.

237 1170 312 1223 Te
343 1183 503 1222 nunc
544 1184 683 1223 crue
713 1182 948 1241 praepes
982 1167 994 1220 ἓ
2007 1148 2315 1216 Richarde,
2342 1149 2561 1215 bonus,
2592 1148 2969 1216 recolendus,

44 1259 275 1313 Contra
300 1256 449 1312 velle
482 1257 579 1312 Dei
613 1237 759 1330 quid
787 1237 985 1311 adhuc
1015 1254 1270 1311 recubas
1302 1255 1330 1310 ?
1354 1256 1511 1324 Fuge
2008 1237 2191 1330 Digne
2222 1237 2622 1330 νςδῐξονίιξὶάυει
2652 1237 2974 1330 εωθιῐιά-υε,

240 1353 404 1402 Nunc
434 1345 472 1416 i,
500 1324 660 1401 nunc
692 1345 848 1415 fuge,
872 1360 1055 1411 nunc,
1085 1358 1268 1400 nunc.
2008 1329 2075 1381 Et
2104 1326 2391 1416 maFChiOi
2599 1324 3031 1416 _00I_n88_31m118
3064 1356 3132 1365 -

48 1440 208 1493 Cum
239 1413 708 1491 Northinannica
725 1413 1093 1507 praepedient
1122 1433 1225 1489 tibi
1254 1436 1311 1489 et
1330 1432 1576 1504 agmina

1350 1432 1596 1504 ιεωίηει,
2008 1418 2051 1470 Ν
2061 1431 2161 1469 um
2185 1414 2571 1507 praetimidos‘
2588 1413 2881 1507 faciendo,

241 1525 389 1594 Heu,
420 1525 537 1580 heu
572 1525 583 1578 ι
623 1502 1010 1597 ῑῃιιρίιιέὼίε,
1382 1502 1393 1504 ⁷
2013 1506 2201 1576 Super
2228 1504 2340 1559 hos
2363 1504 2539 1559 timor
2558 1502 2725 1558 irruit
2750 1518 2884 1558 ecce

50 1618 343 1670 Gressum
374 1630 535 1669 nunc
565 1619 717 1686 pete,
750 1630 911 1669 nunc
943 1613 1100 1683 fuge,
1124 1627 1286 1667 nunc
1322 1611 1429 1666 iter
1460 1610 1655 1683 arripe
2009 1591 2897 1686 Βθείε-ᾀοξηίηίρωηίροιεηϋε
2923 1624 2991 1632 -

243 1701 413 1757 Fidos
443 1681 650 1757 cedere
683 1718 828 1769 coge
864 1701 875 1755 !
1017 1681 1036 1683 V
1580 1681 1601 1683 ”
1754 1721 1793 1775 Β
2010 1685 2089 1737 Ne
2128 1681 2411 1737 sollicitus
2438 1681 2651 1737 timeas
2682 1697 2865 1750 nunc,

54 1796 180 1848 Rex
211 1806 393 1855 nunc,
423 1807 497 1845 ne
526 1806 754 1862 pereas,
790 1790 949 1860 fuge,
981 1787 1147 1858 cede,
1179 1787 1589 1860 liquesceque,
1754 1769 1789 1775 —
2009 1770 2336 1862 {80019qu
2369 1770 2466 1862 Dei
2492 1769 2853 1862 0913951.?!“

244 1882 455 1951 Septus
488 1858 688 1933 libere
720 1858 879 1933 omni
911 1858 937 1933 1’
1241 1858 1263 1860 “
1468 1858 1483 1859 ί
2013 1859 2273 1914 Perculsi
2305 1860 2511 1915 animo
2543 1858 2849 1951 fugiendo,
2935 1892 2947 1904 -

62 1946 400 2027 Richard-us
425 1968 665 2039 juvenis
690 1968 919 2041 probus
945 1972 1002 2023 et
1022 1967 1157 2040 pius
1182 1954 1239 2023 et
1257 1965 1457 2021 bonus
2011 1948 2214 2041 Ῑίξαιξεῗε
2242 1947 2526 2041 Πξδῐιὶδιιε
2550 1946 2878 2041 Capie‘muri

2014 2032 2221 2087 Gladio
2251 2032 2453 2104 plures
2476 2031 2824 2086 morientur.

2018 2121 2108 2177 Sic
2138 2121 2238 2176 vix
2266 2121 2524 2193 patriam
2549 2119 2946 2192 repedabunt.

2017 2213 2102 2266 Tu
2122 2210 2356 2279 legibus
2382 2213 2439 2265 et
2464 2208 2834 2282 populorum

2015 2299 2204 2355 Judex
2234 2298 2469 2355 animos
2489 2296 2854 2354 redomabis.

2016 2392 2119 2443 Ast
2146 2387 2424 2443 ecclesias
2456 2386 2794 2453 statuendo,

2019 2476 2333 2533 Famulatu
2362 2475 2677 2531 sollicitare

2016 2564 2280 2621 Practico
2311 2564 2713 2636 theoricoque,

2014 2653 2298 2710 Triforme
2328 2652 2441 2708 hoc
2466 2652 2690 2708 ordinis
2721 2666 2963 2720 agmen,

244 2061 475 2128 Agmen
500 2058 628 2129 jam
658 2058 797 2113 citat
823 2057 1056 2128 ingens,

59 2151 353 2205 Summus
385 2146 675 2212 marchio,
717 2145 840 2200 dux
871 2161 1135 2218 quoque,
1167 2142 1472 2217 patricius,
1503 2156 1727 2210 comes,

244 2240 310 2291 Et
338 2240 391 2291 te
423 2236 630 2290 cedere
655 2234 846 2303 gestit.

58 2326 250 2396 Hujus
281 2328 472 2379 sector
502 2322 690 2391 humi,
724 2321 1010 2395 locuples,
1044 2321 1240 2377 bonus
1270 2325 1328 2376 et
1356 2334 1565 2389 sagax.

243 2417 358 2469 Aut
382 2428 526 2481 non,
558 2416 662 2467 aut
692 2410 856 2480 velis,
879 2414 1086 2465 exstat.

60 2507 287 2573 Legum
319 2505 374 2556 et
402 2500 719 2555 distribuet
742 2498 970 2572 populo
1001 2498 1486 2554 moderaminum

240 2587 430 2642 Judex
458 2588 657 2659 justus
683 2588 979 2643 habenas.

56 2676 280 2734 Damni
312 2682 565 2750 postque
597 2677 875 2747 lugubria
904 2675 1106 2732 debita
1134 2674 1347 2731 ﬂebilis

244 2740 429 2835 Digne
459 2740 707 2821 scandet
737 2764 1082 2836 Olympum.
2016 2743 2239 2836 Deitate
2269 2758 2462 2836 sacras
2482 2740 2775 2798 Trinitatis

288 2872 303 2885 ·
339 2870 699 2909 APOSBROPHA
732 2870 803 2909 At)
835 2867 1216 2909 LUTHDOVICUM
1249 2866 1450 2906 REGEM.
2019 2835 2227 2903 00888,
2256 2831 2497 2902 lugebis
2526 2837 2582 2887 εἴ
2611 2846 2816 2900 811893-

57 2948 257 3011 Quem
289 2941 490 3012 regale
528 2942 734 3010 decus,
769 2946 1071 3014 sceptrum
1128 2938 1477 3013 passimque
1534 2954 1734 2994 corus-
2476 2972 2858 3013 nom-“opm,

1498 3026 1659 3097 [cum
1762 3072 1803 3126 ο
2020 3083 2251 3141 insidiis
2277 3083 2577 3156 remisque
2606 3080 2914 3137 hiantibus

243 3120 477 3176 Jactitat
501 3119 812 3188 eximium,

60 3214 389 3269 Stemmate
447 3208 631 3280 regali
660 3225 843 3281 quem
873 3207 1148 3281 exporgit
1172 3222 1320 3263 sexu
1356 3206 1435 3262 ab
1478 3210 1731 3278 utroque

248 3296 425 3367 Regia
452 3296 790 3369 progenies,

57 3392 257 3455 Quem
288 3387 457 3443 decet
486 3386 670 3442 attolli
698 3401 937 3441 summo
968 3384 1307 3453 conamine,
1338 3399 1474 3456 quae
1503 3387 1641 3439 sunt

245 3475 425 3544 Regia
442 3475 489 3531 si
519 3474 779 3548 peragis,

55 3571 128 3623 Et
150 3565 328 3635 cujus
354 3565 563 3636 proavi
592 3564 685 3620 bis
716 3568 802 3620 ter
831 3563 941 3619 tria
965 3577 1157 3632 regna
1174 3560 1445 3616 feruntur

246 3654 570 3710 Conciliare
597 3653 728 3719 sibi,

55 3749 179 3801 Cur
205 3741 438 3797 vicibus
470 3742 649 3798 tantis
673 3740 1039 3797 Richardum
1070 3742 1330 3793 sternere
1362 3735 1564 3805 gestis,

246 3831 648 3887 Percelebrem
672 3832 958 3902 juvenem
987 3831 1015 3885 ?

54 3920 332 3980 Perﬁdiie
363 3921 600 3976 deditus
632 3937 805 3976 casso
827 3917 1125 3975 conabere
1156 3919 1371 3972 cuncta

247 4014 514 4082 Namque
545 4025 728 4083 supra
758 4008 898 4065 satis
937 4008 1084 4063 haec.

53 4107 234 4158 Nunc
265 4098 462 4167 fugias
494 4100 716 4172 potius,
747 4097 941 4168 magis
968 4096 1097 4151 haec
1127 4093 1417 4150 sententia
1458 4096 1723 4166 praestat,

248 4190 505 4259 Praepete
526 4204 684 4259 equo
715 4192 769 4243 et
800 4185 1041 4242 volucri.

54 4282 290 4334 Contra
321 4278 763 4333 Northmannos
791 4276 934 4331 olim
955 4272 1176 4330 bellare
1205 4272 1440 4344 cupisti,

248 4366 401 4431 Quid
431 4381 665 4421 memor
694 4365 884 4436 attigit
914 4382 997 4420 es.

51 4462 213 4515 Nam
242 4459 452 4527 captus
476 4454 614 4509 belli
640 4453 983 4523 certamine,
1024 4450 1389 4509 succubuisti

244 4542 492 4598 Casibus
521 4541 869 4597 innumeris.

50 4641 233 4694 Nunc
288 4632 448 4701 fuge,
509 4630 675 4700 cede,
736 4632 969 4702 recede,
1034 4631 1206 4687 itiner
1262 4645 1409 4703 cape
1479 4627 1725 4701 praepeti

1400 4718 1649 4789 [gressu,

2022 3174 2262 3232 Cunctis
2293 3173 2590 3246 malisque
2620 3172 2894 3239 traditus,

2026 3266 2253 3319 Exosus
2282 3263 2558 3330 nimium,
2592 3266 2657 3317 ut
2680 3260 2991 3334 putridum
3012 3277 3216 3334 pecus,

2021 3352 2230 3408 Clades
2260 3366 2498 3423 perosa,
2530 3350 2788 3417 odibilis,

2017 3440 2256 3495 Pestifer
2284 3444 2341 3494 et
2363 3455 2615 3505 nocuus,
2647 3438 2795 3509 quin
2823 3436 3115 3510 perﬁdus,

2016 3526 2292 3598 lnjurius,
2321 3526 2548 3581 cunctis
2569 3525 2717 3590 lues,

2015 3619 2081 3671 Et
2102 3616 2259 3671 dicto
2281 3619 2339 3671 ct
2361 3616 2537 3683 facto,
2570 3612 2976 3681 meditamine,

2016 3704 2325 3761 Obnoxius
2350 3702 2596 3768 cunctis,
2623 3717 2783 3773 reus,

2013 3792 2284 3866 Amplius
2314 3793 2477 3848 haud
2498 3806 2751 3847 renoves
2776 3790 2905 3861 jam
2930 3789 3133 3862 jurgia

2017 3882 2217 3939 Nullos
2249 3882 2458 3939 citabis
2490 3881 2713 3951 litibus,

2015 3972 2228 4028 Desine
2258 3971 2622 4028 Richardum
2646 3971 2957 4042 juvenem,
2979 3967 3262 4042 probum,

2013 4062 2507 4117 Praedestinatum
2533 4060 2665 4131 jam
2695 4063 2833 4116 Deo.

2016 4150 2290 4217 Marchio,
2325 4149 2630 4222 patricius,
2663 4148 2787 4204 dux
2817 4150 2873 4203 et
2901 4162 3126 4214 comes,

2015 4239 2265 4310 Electus,
2299 4238 2516 4306 almus,
2539 4241 2898 4311 praepotens,

2016 4328 2322 4399 Egregius,
2339 4328 2561 4398 justus,
2592 4328 2728 4399 pius
2758 4332 2814 4382 et
2837 4324 3085 4398 probus,

1759 4427 1802 4480 D
2015 4419 2266 4474 Sanctus
2295 4416 2744 4488 modestusque,
2774 4415 3083 4481 innocens,

2014 4504 2335 4574 Religionis
2363 4519 2636 4576 apexque
2668 4519 2850 4559 sacres
2872 4502 3096 4570 cluent,

2013 4596 2079 4648 Et
2102 4593 2297 4649 forma
2324 4607 2573 4647 normae
2603 4590 2898 4664 praecluis,

2014 4678 2146 4739 Ιδηα
2174 4697 2416 4737 summa
2442 4679 2586 4735 boni
2614 4679 2793 4750 hujus
2816 4677 2997 4734 lucidi

242 4810 447 4865 Vivere
478 4807 528 4863 si
547 4807 756 4880 cupias
791 4807 804 4862 ι
1400 4766 1649 4789 “Tn”,
2012 4770 2248 4826 Plebem
2278 4769 2437 4826 fovet
2464 4766 3012 4825 Northmannicam.

47 4900 267 4971 Jurgia
290 4914 400 4955 nec
441 4901 673 4969 repetas
700 4900 926 4962 contra,
956 4911 1139 4967 quem
1165 4895 1407 4951 dextera
1435 4895 1649 4964 sanxit,
1905 4897 2086 4967 Igitur
2116 4897 2348 4970 plebeio
2374 4897 2554 4968 hujus
2605 4894 2970 4952 nocturnalis
3022 4892 3347 4950 murmuris
3399 4896 3487 4949 tu-

246 4987 473 5042 Judicis
504 4985 762 5056 aetherei,
1834 4987 2027 5043 multu
2082 4986 2561 5058 sonipedumque
2592 4984 2839 5057 strepitu
2889 4999 3058 5054 reges
3095 4982 3372 5051 exterriti,
3402 4982 3491 5037 ni-

52 5086 259 5149 Qnem
289 5092 541 5132 censura
566 5076 662 5131 Dei
678 5075 1065 5149 praedestinat
1093 5073 1519 5145 omnipotentis
1835 5077 2092 5149 mizeque
2143 5076 2477 5131 formidinis
2516 5080 2771 5131 tremore
2812 5072 3089 5147 perculsi,
3142 5072 3205 5127 in
3234 5070 3487 5141 caligine

244 5166 501 5223 Moribus
525 5170 581 5221 et
600 5165 845 5235 meritis,
1148 5211 1153 5215 .
1833 5165 2106 5221 obscura:
2136 5165 2325 5220 noctis
2356 5164 2854 5237 putabantgratia
2882 5160 3224 5218 certaminis
3247 5160 3489 5217 Richar-

49 5256 357 5318 Ecclesias
388 5254 518 5310 altis
549 5254 835 5310 extollens
864 5252 1247 5319 culminibus,
1279 5268 1402 5325 quo
1833 5256 1980 5310 dum
2040 5255 2253 5310 adesse
2308 5270 2447 5309 cum
2486 5253 2626 5309 suis.
2685 5256 2941 5324 Repente
2990 5250 3367 5308 conclamata
3402 5256 3492 5309 est

242 5343 528 5412 Ediﬁcet,
560 5346 798 5410 statuat,
1833 5342 2107 5399 omnium
2139 5342 2303 5397 salus
2327 5342 2579 5414 vitaeque
2605 5340 2827 5396 ﬁducia
2852 5355 3111 5414 spesque
3139 5339 3380 5395 vivendi
3404 5355 3493 5396 re-

47 5438 337 5504 Protegat
364 5438 421 5487 et
442 5432 756 5504 populum,
790 5431 1043 5487 caelestis
1068 5430 1407 5505 pneumatis
1438 5435 1649 5487 auctus
1834 5431 2009 5489 cessit
2037 5431 2115 5487 ab
2146 5430 2449 5487 omnibus.
2475 5430 2838 5500 Ignorabant
2866 5429 3027 5485 enim
3048 5421 3193 5502 quid
3224 5435 3487 5499 agerent,

243 5525 482 5577 Nectare
504 5521 799 5593 septiﬁdo,
1833 5522 2190 5577 ﬂuctuantes
2220 5536 2342 5592 quo
2382 5536 2443 5575 se
2474 5520 2617 5588 fuga
2643 5524 2954 5576 verterent.
2989 5522 3148 5576 Mens
3191 5519 3490 5592 siquidem

49 5612 301 5678 Muniat,
335 5609 569 5681 exaltet,
591 5610 918 5667 defendens
938 5611 1202 5682 adjuvet,
1233 5614 1413 5683 atque
1834 5610 2073 5667 illorum
2104 5609 2348 5682 trepidis
2404 5610 2584 5665 rebus
2633 5609 2904 5678 nutabat,
2937 5625 3159 5683 corque
3183 5609 3489 5682 praetrepi-

240 5699 523 5755 Hostibus
546 5699 775 5773 eripiat,
1835 5700 1985 5757 dum
2008 5700 2444 5772 indignumque
2464 5700 2726 5757 veritatis
2742 5701 2860 5756 huc
2878 5699 3136 5773 illucque
3151 5697 3484 5756 vacillabat.
