3878 6404
463 286 568 343 723

1449 276 1751 338 DUDONlS
1791 278 2045 335 DECANI
2085 276 2140 333 S.
2182 274 2487 343 QUINTINI
2526 270 2907 332 VIROMAND.
3713 272 3762 327 Ti

463 409 625 467 Alius
658 422 829 463 enses
861 404 1234 477 amplexatus
1264 408 1328 460 ut
1364 418 1572 459 amens
1598 401 1906 472 fugitabat,
1961 398 2112 456 alius
2144 400 2193 454 A
2222 399 2358 455 ﬁcia
2389 402 2444 455 et
2495 397 2746 455 donaria
2803 401 3197 453 sacrosanctze
3255 376 3496 452 ecclesiae
3544 392 3762 450 distribu

464 502 631 554 scuta
656 494 946 552 revellens
973 493 1186 548 insano
1214 492 1423 565 spiritu
1471 491 1645 564 quasi
1698 507 1805 562 per
1855 489 2115 544 latebras

468 585 726 643 errabat.
750 582 862 637 Alii
891 597 1028 637 vero
1059 581 1309 637 tentoria
1369 584 1684 652 castraque
1733 581 1888 634 terra
1942 581 2116 633 tenus

464 669 938 749 prosternebant,
972 668 1070 724 alii
1096 673 1297 724 autem
1345 684 1533 742 equos
1562 668 1820 741 phaleris
1872 681 2118 722 exorna-

464 763 630 819 bant.
664 762 764 815 Hic
793 759 906 813 hac
944 756 1198 828 illacque
1246 773 1367 829 quo
1415 756 1719 812 nesciebat
1769 754 2114 821 cursitabat,

464 845 561 902 hic
591 841 953 914 stupefactus
975 844 1032 896 et
1061 840 1345 896 tremulus
1376 855 1618 912 unoque
1649 840 1859 895 obtutu
1888 838 2118 893 deﬁxus

464 931 749 990 haerebat.
778 931 877 985 Hic
909 930 1057 985 inter
1078 929 1460 1000 ﬂuctivagam
1510 930 1945 1000 tremulamque
2003 927 2122 998 ple-

466 1021 607 1077 bem
637 1018 992 1092 quaeritabat
1046 1035 1224 1074 suum
1264 1018 1577 1084 seniorem,
1629 1018 1724 1073 hic
1774 1017 1923 1072 inter
1954 1032 2118 1071 com-

477 1109 726 1165 mistum
756 1122 996 1176 gregem
1023 1106 1264 1162 inermis
1288 1106 1577 1181 palpabat
1605 1105 1915 1161 clamitans
1943 1120 2119 1159 suum

476 1197 746 1254 militem.
777 1196 880 1250 Hic
908 1194 1059 1268 pede
1082 1193 1254 1250 celeri
1281 1209 1489 1264 gressu
1521 1194 1724 1264 fugam
1756 1191 2012 1265 petebat,
2060 1190 2122 1247 hi

472 1285 642 1358 equis
667 1283 996 1339 calcaribus
1027 1281 1213 1339 citatis
1234 1283 1490 1338 inermes
1520 1282 1872 1352 fugitabant.
1929 1281 1995 1335 Hi
2029 1280 2121 1335 tri-

468 1374 608 1431 lices
636 1373 847 1428 loricas
871 1371 1188 1444 galeasque
1218 1388 1365 1427 auro
1424 1378 1694 1443 comptas
1750 1370 1947 1425 furtim
1992 1370 2124 1424 abs-

471 1461 829 1530 condebant,
862 1461 921 1516 hi
952 1464 1307 1516 ornamenta
1362 1460 1585 1529 regalia
1632 1466 1957 1532 caeteraque
2011 1459 2122 1513 sibi

470 1549 877 1605 vindicabant.
912 1548 1266 1603 Pavidorum
1288 1564 1458 1603 exere
1482 1553 1651 1603 tuum
1678 1563 1951 1603 murmur
1978 1546 2125 1601 mul-

472 1642 565 1694 tus
591 1637 858 1709 (sic),alte
888 1636 1226 1703 resonabat,
1258 1652 1454 1709 voque
1481 1635 1864 1692 inarticulatze
1910 1633 2124 1690 tumul-

2224 487 2579 543 ltetissimus.
2608 487 2708 542 His
2736 487 2815 542 ita
2847 485 3045 541 divino
3071 488 3218 540 nutu
3240 483 3489 556 expletis,
3508 481 3664 556 coepit
3683 499 3762 555 pra

2225 577 2438 649 cipuus
2464 576 2524 631 in
2552 576 2717 632 omni
2739 582 2892 631 terra
2939 574 3489 639 Northmannorum,
3523 571 3762 628 Britonur

2225 682 2365 738 que,
2395 669 2755 721 Francorum
2787 669 2845 719 et
2875 660 3371 732 Burgundionum
3387 662 3582 717 haberi.
3614 663 3762 717 Niteh

2227 753 2386 808 enim
2410 769 2517 825 pro
2544 768 2829 823 generum
2874 750 3201 821 nobilitate,
3257 747 3762 805 ﬂorebatbonitatu

2225 843 2542 913 agalmate,
2597 842 2850 899 Moribus
2916 844 3040 895 erat
3085 839 3346 908 illustris,
3428 836 3762 911 sublimiorqi

2226 932 2436 986 merito
2463 930 2656 985 astris.
2693 928 2891 999 Eﬂigie
2920 927 3221 997 rutilabat,
3254 925 3503 1000 nullique
3529 927 3762 1000 pietate:

2227 1019 2462 1074 cundus
2494 1023 2635 1073 erat.
2673 1021 2896 1073 Statum
2925 1015 3267 1088 reipublicae
3296 1015 3506 1070 Archos
3533 1014 3762 1071 melliﬂu

2227 1107 2580 1177 adornabat,
2603 1107 2916 1178 omnisque
2940 1103 3248 1178 probitatis
3268 1102 3429 1159 fama
3450 1119 3606 1176 super
3630 1104 3762 1160 aethe

2226 1200 2404 1250 notus
2454 1199 2596 1250 erat.
2648 1193 3011 1251 Monstrabat
3059 1192 3243 1247 solers
3278 1190 3508 1263 jugibus
3530 1190 3707 1261 factis,
3733 1210 3758 1247 s

2226 1282 2359 1351 diis,
2410 1282 2695 1355 exemplis
2754 1286 2810 1337 et
2859 1280 3257 1349 documentis,
3312 1279 3502 1335 omnia
3537 1296 3762 1336 commo

2227 1372 2533 1426 imitandae
2570 1370 2871 1425 bonitatis.
2935 1369 3109 1425 Vultu
3159 1368 3356 1424 clarus
3411 1369 3537 1437 erat,
3572 1371 3762 1441 omnia

2228 1464 2363 1515 actu
2393 1458 2607 1514 clarior
2634 1458 2861 1513 cunctis
2890 1457 3213 1528 exstiterat,
3235 1456 3423 1512 dulcis
3438 1455 3713 1513 emicabat
3734 1473 3762 1513 e

2227 1549 2390 1620 quio,
2423 1547 2628 1603 habitu
2658 1552 2715 1602 et
2766 1546 2998 1601 incessu
3032 1545 3313 1601 omnibus
3344 1545 3579 1601 suavior.
3628 1544 3761 1601 Niti<

2228 1653 2328 1692 ore
2359 1634 2661 1701 mellifluo,
2692 1651 2934 1690 serenus
2962 1650 3198 1708 semper
3214 1634 3393 1689 corde
3416 1633 3762 1705 jucundissir

474 1730 571 1781 tus
602 1726 946 1797 clamorque
978 1724 1315 1781 ululatuum
1370 1723 1617 1779 confuse
1654 1722 1924 1778 tinnibat.
1975 1724 2123 1787 Qua-
2157 1744 2193 1796 Β
2230 1725 2515 1780 Fervebat
2538 1740 2799 1796 namque
2832 1723 2968 1789 fide,
2989 1739 3091 1795 spe
3120 1726 3175 1777 et
3204 1721 3499 1788 charitate,
3528 1720 3762 1793 duplici<

469 1819 712 1888 propter
760 1813 1145 1869 tumultuario
1203 1812 1557 1885 plebeioque
1611 1812 1795 1881 hujus
1863 1811 2122 1865 confusae

473 1902 843 1973 altivolzeque
884 1900 1321 1958 vociferationis
1379 1899 1591 1956 tinnitu
1621 1898 2125 1969 Bothomagenses

472 1989 725 2057 excitati,
759 1989 1146 2044 formidantes
1196 2004 1269 2043 ne
1299 1992 1862 2062 praeoccuparentur
1886 1992 2124 2060 repente

472 2078 686 2133 futuras
718 2076 1069 2148 crepusculo
1099 2076 1193 2130 die
1221 2076 1348 2146 [δίᾳ
1376 2076 1424 2146 f.
1458 2072 1615 2147 diei],
1658 2074 1999 2129 munierunt
2029 2091 2124 2128 ur-

462 2165 616 2223 bem
642 2164 991 2220 custodibus
1018 2163 1285 2235 armatis,
1338 2163 1572 2236 ipsique
1603 2162 1914 2234 pervigiles
1944 2179 2123 2235 pries-

472 2252 814 2309 tolabantur
862 2252 1055 2306 tristes
1099 2256 1347 2307 eventus
1402 2252 1707 2325 praeoptati
1750 2251 1948 2323 praelii.
1979 2256 2123 2307 Cum

476 2346 675 2397 autem
707 2356 924 2396 aurora
947 2340 1271 2395 tenebrosae
1302 2340 1492 2397 noctis
1526 2340 1840 2409 caliginem
1871 2341 2124 2412 puniceo

476 2428 699 2485 amictu
722 2428 985 2484 emicans
1036 2428 1378 2495 desiccaret,
1410 2427 1707 2501 rebusque
1740 2428 1900 2482 color
1942 2428 2127 2483 notio-

475 2517 686 2590 nisque
713 2516 1059 2586 imaginatio
1092 2515 1324 2582 rediret,
1359 2522 1665 2590 coeperunt
1694 2515 2127 2572 Transrhenani

474 2603 735 2674 magalia
774 2603 1136 2659 succendere
1174 2603 1401 2677 iterque
1432 2603 1776 2659 desiderata:
1811 2604 2125 2674 regressio-

474 2692 567 2747 nis
595 2696 876 2764 repetere,
906 2691 1261 2763 viarumque
1284 2692 1475 2762 ignari
1492 2692 1603 2747 hac
1620 2692 1873 2765 illucque
1892 2690 2127 2765 pravidi

472 2779 1114 2835 ﬂuctuare.Richardus
1143 2795 1281 2834 vero
1310 2779 1432 2834 dux
1460 2779 2126 2848 magnanimusﬁorida

475 2884 753 2939 congrute
785 2867 1113 2939 pubertatis
1164 2866 1445 2936 lanugine
1498 2867 1767 2932 decorus,
1820 2867 2000 2937 hujus
2046 2867 2126 2922 rei

474 2962 687 3012 eventu
727 2956 930 3011 hilaris
986 2960 1041 3010 et
1097 2955 1263 3010 laetus
1311 2954 1497 3011 voluit
1535 2956 1666 3011 illos
1717 2956 1960 3028 aggredi
1990 2972 2127 3010 cum

480 3045 607 3099 suis
639 3043 923 3098 omnibus
948 3043 1296 3116 praeparatis
1321 3044 1584 3101 aciebus.
1618 3045 2130 3114 ROIhomagenses

476 3148 620 3188 vero
648 3131 1006 3205 prtecupidae
1033 3131 1469 3201 congressionis
1512 3133 1889 3207 propositum
1918 3149 1954 3189 a
1979 3132 2130 3188 duce

476 3224 643 3276 tanto
703 3235 982 3275 amovere
1041 3225 1342 3287 conantes,
1374 3221 1651 3277 dixerunt
1671 3221 1893 3279 blande
1922 3220 2129 3277 unani-

476 3324 605 3364 mes
641 3325 654 3363 :
687 3327 718 3360 ‹
752 3307 997 3362 Domine
1029 3307 1149 3362 dux
1180 3309 1942 3383 praepotentissime,tenera
1967 3309 2131 3378 viges

478 3396 677 3453 adhuc
709 3401 896 3461 aetate,
947 3412 1081 3470 spes
1137 3403 1351 3454 nostrae
1379 3397 1583 3456 salutis
1627 3402 1684 3454 et
1712 3396 1967 3455 ﬁduciae.
2004 3400 2132 3453 For-

479 3484 806 3552 midamus,
840 3484 888 3540 si
916 3483 1112 3555 iveris,
1142 3500 1216 3541 ne
1272 3486 1709 3562 praaoccuperis
1737 3491 1951 3544 morte.
2011 3487 2131 3541 Hac

478 3573 776 3630 simultate
811 3573 1025 3646 decipi,
1082 3579 1146 3631 ut
1194 3590 1416 3646 remur,
1447 3592 1559 3631 nos
1613 3578 1976 3635 autumant:
2028 3591 2133 3630 no-

474 3662 689 3736 bisque
722 3662 803 3718 sic
858 3662 1006 3718 urbe
1060 3664 1524 3737 prosilientibus,
1554 3679 1766 3739 capere
1820 3679 1955 3719 eam
1983 3680 2131 3736 prae-

473 3750 767 3821 judicant.
800 3752 927 3806 Non
985 3756 1072 3808 est
1101 3752 1288 3808 nostri
1314 3751 1543 3809 consilii
1597 3756 1650 3809 te
1679 3749 2005 3807 nobiscum
2054 3750 2132 3806 ad

476 3837 659 3908 hujus
691 3838 1027 3893 certaminis
1057 3839 1330 3912 praelium
1382 3839 1686 3910 congredi.
1736 3840 1952 3893 Verum
1981 3855 2131 3909 qua-

477 3923 761 3996 licunque
791 3924 972 3981 modo
1001 3927 1181 4000 hujus
1228 3927 1311 3982 rei
1344 3943 1473 3983 sors
1518 3943 1581 3982 se
1612 3925 1854 3995 habeat,
1892 3925 2135 3981 viriliter

481 4028 623 4068 cum
652 4012 923 4084 pluribus
955 4016 1166 4071 urbem
1195 4016 1449 4073 custodi.
1480 4018 1596 4071 Nos
1636 4030 1778 4069 vero
1804 4029 1909 4068 eos
1959 4018 2131 4069 caute

479 4116 913 4174 prosequemur
932 4108 989 4160 et
1012 4105 1192 4163 armis
1222 4120 1325 4161 eos
1381 4104 1670 4163 lacessere
1701 4102 2075 4159 conabimur.
2108 4124 2133 4152 ››

480 4188 667 4259 Hujus
718 4189 992 4248 blanditii
1048 4196 1312 4266 syrmate
1358 4192 1460 4247 vix
1510 4190 1734 4247 evictus
1783 4189 2132 4257 Richardus,

476 4277 711 4349 juvenis
769 4280 1045 4352 praecluis
1072 4281 1421 4351 nobilitatis,
1467 4279 1615 4335 urbe
1673 4294 1811 4334 cum
1865 4277 2137 4351 pluribus

480 4366 785 4435 remansit,
818 4370 1131 4445 caaterique
1158 4368 1479 4425 satellitum
1508 4372 1565 4422 et
1601 4366 1862 4423 tironum
1893 4367 2136 4437 agmina

484 4455 708 4526 regalia
735 4463 1183 4535 prosequentes,
1217 4456 1677 4531 prosternebant
1725 4455 2015 4528 plurimos
2044 4472 2136 4511 oc-

484 4543 763 4601 cidentes.
804 4547 1068 4603 Tandem
1116 4544 1398 4622 quaedam
1455 4543 1721 4618 phalanx
1780 4543 2137 4601 Rhothoma-

481 4632 754 4702 gensium
783 4635 1082 4691 commisit
1103 4634 1182 4691 ad
1214 4633 1451 4701 silvam,
1483 4648 1619 4706 quae
1650 4630 1865 4687 dicitur
1923 4633 2137 4690 Malifo-

481 4721 746 4789 raminis,
775 4740 915 4779 cum
957 4724 1042 4778 eis
1082 4721 1383 4797 praelium,
1429 4725 1607 4793 atque
1663 4720 1988 4794 opitulante
2018 4724 2136 4776 Deo

482 4809 722 4867 devictis
749 4812 1023 4868 hostibus
1051 4810 1308 4867 obtinuit
1335 4809 1725 4881 triumphum.
1773 4809 1969 4865 Altera
1996 4825 2137 4865 vero

484 4900 700 4957 concio
724 4901 993 4958 similiter
1034 4897 1628 4968 Rothomagensium,
1661 4897 2011 4971 praestolans
2059 4897 2137 4953 ad

484 4986 687 5047 exitus
703 4988 992 5051 silvarum
1012 4985 1273 5041 duorum
1293 4998 1510 5054 rogum
1536 4986 2139 5058 exercitum,proster-

483 5074 655 5133 nitet
676 5073 893 5131 occidit
929 5070 1225 5143 plurimos
1253 5071 1537 5141 hostium,
1585 5072 1869 5144 fugatque
1897 5077 2141 5129 caeteros

484 5178 681 5236 usque
700 5162 780 5218 ad
800 5159 1269 5216 Ambianonsem
1292 5164 2011 5232 pagum.Rotomagenses
2029 5177 2139 5217 au-

486 5255 608 5308 tem
637 5249 806 5323 potiti
829 5249 909 5304 de
949 5247 1207 5303 inimicis
1232 5248 1562 5320 victoriam,
1589 5251 1758 5306 urbis
1803 5256 2137 5307 remeantes

487 5334 880 5410 adpmsidia,
911 5350 1047 5407 quia
1078 5337 1420 5393 acciderunt
1470 5339 1798 5394 reluterunt
1847 5339 2142 5395 Richardo

487 5423 715 5482 omnia.
745 5424 911 5478 Tune
936 5421 1265 5479 Riohardus
1289 5426 1617 5481 recolendas
1647 5427 1953 5482 memoria),
1977 5442 2139 5482 mar-

488 5512 648 5583 chio,
680 5511 999 5583 duxqueet
1022 5516 1301 5584 patricius
1329 5516 2145 5588 praeellentissimusgrates

486 5598 1062 5676 pmmuimasregi
1109 5604 1461 5660 saeculorum
1492 5620 1631 5659 cum
1689 5606 1853 5661 omni
1898 5606 2057 5660 clero
2083 5610 2143 5662 et

485 5687 990 5769 populomddidit
1015 5692 1556 5762 mansuetissimus,
1607 5691 1917 5765 multaque
1962 5694 2142 5749 bene-

2230 1813 2327 1867 Dei
2359 1818 2414 1867 et
2441 1811 2697 1884 proximi
2718 1810 3051 1865 dilectione.
3087 1809 3362 1865 Prudenti
3396 1808 3755 1881 simplicitate

2228 1900 2492 1969 uidebat,
2522 1900 2892 1971 simplicique
2943 1898 3260 1970 prudentia
3291 1898 3646 1968 coruscabat,
3668 1899 3762 1969 jur

2231 1991 2482 2061 litesque
2513 1993 2568 2044 et
2592 1988 2751 2043 rixas
2784 1992 3018 2042 strenue
3047 1986 3317 2053 sedabat,
3356 1985 3758 2060 populumque

2232 2084 2399 2151 pater
2426 2078 2597 2147 filios,
2626 2076 3017 2131 amicabiliter
3066 2074 3330 2144 regebat.
3367 2072 3735 2131 Exuberabat

2231 2167 2480 2222 uitatum
2513 2164 2865 2230 commodis,
2895 2162 3261 2219 informabat
3285 2161 3566 2234 plurimos
3613 2164 3762 2235 proh

2232 2259 2358 2309 tum
2389 2252 2694 2325 exemplis.
2727 2253 2791 2306 In
2810 2252 2993 2306 domo
3024 2252 3248 2323 quippe
3279 2252 3409 2321 ejus
3439 2252 3641 2306 veritas
3664 2256 3725 2307 et
3755 2272 3762 2319 ς

2229 2343 2336 2406 ria,
2369 2341 2430 2395 in
2457 2339 2737 2411 operibus
2768 2337 2923 2393 illius
2950 2337 3201 2410 aequitas
3255 2337 3601 2410 splendebat
3630 2342 3689 2394 et
3716 2340 3762 2411 jl

2230 2430 2349 2485 tia:
2384 2428 2741 2500 Optimatum
2780 2442 3043 2499 namque
3090 2429 3453 2482 Francorum
3507 2429 3562 2482 ct
3612 2426 3762 2498 Burg

2231 2518 2478 2573 dionum
2514 2520 2678 2585 gesta
2695 2514 3104 2584 dirigebantur
3126 2516 3255 2586 ejus
3280 2515 3650 2588 providentia
3684 2518 3762 2573 rei

2231 2604 2485 2676 publicae
2516 2604 2926 2659 tractabantur
2956 2603 3118 2658 utilia
3156 2603 3311 2658 illius
3364 2601 3701 2677 prudentia.
3756 2609 3762 2661 i

2232 2708 2492 2765 namque
2520 2692 2861 2758 sanctitatis,
2895 2691 3198 2760 dignitatis
3228 2696 3287 2747 et
3328 2690 3664 2759 aﬂluentiae,
3716 2692 3762 2750 1(

2230 2780 2465 2851 lateque
2492 2780 2943 2835 diffundebatur
2971 2786 3215 2851 experta
3240 2780 3461 2852 opinio.
3495 2778 3761 2837 Flandre

2233 2875 2288 2924 et
2319 2867 2639 2924 Orientales
2662 2868 3159 2941 obtemperabant
3185 2868 3314 2939 ejus
3345 2868 3617 2940 imperio.
3676 2860 3762 2925 Ve

2233 2958 2523 3030 quoniam
2547 2957 2787 3011 minime
2819 2957 2977 3012 valet
3004 2954 3249 3011 lucerna
3269 2956 3495 3011 caelitus
3524 2957 3762 3014 candel;

2235 3046 2517 3117 imposita
2545 3045 2772 3100 latitare
2826 3045 2938 3100 sub
2988 3045 3173 3100 modii
3231 3046 3466 3110 umbra,
3520 3047 3711 3118 cmpit
3758 3066 3762 3119 ζ

2237 3135 2540 3189 maximus
2568 3133 2718 3188 inter
2748 3150 2886 3188 suos
2917 3133 3146 3204 haberi,
3180 3147 3361 3205 quem
3389 3132 3629 3189 indiciis
3660 3137 3761 3191 mi

2236 3220 2392 3275 libus
2424 3220 2686 3277 Christus
2719 3220 3006 3276 Dominus
3037 3221 3332 3294 disposuit
3356 3221 3762 3280 manifestari.

2238 3309 2593 3379 gniﬁcabilis
2624 3310 2813 3364 clerus
2862 3317 2917 3365 et
2945 3310 3227 3381 populus,
3255 3310 3357 3382 qui
3420 3310 3571 3365 tanti
3601 3310 3755 3368 duci

2236 3398 2450 3452 rabant
2501 3398 2893 3467 jussionibus.
2974 3399 3406 3471 Omnipotentis
3471 3412 3762 3472 namque

2237 3486 2556 3541 auxiliante
2581 3486 2912 3554 clementia,
2941 3492 2997 3541 et
3050 3487 3143 3541 sui
3168 3486 3337 3541 ducis
3368 3485 3660 3542 Richardi
3703 3503 3762 3561 p1

2235 3582 2401 3630 rautc
2429 3576 2682 3641 solertia,
2714 3574 2826 3629 illis
2854 3575 2912 3630 in
2938 3574 3150 3630 diebus
3172 3576 3424 3648 pulchra
3466 3576 3696 3632 Christi
3737 3594 3762 3635 ε

2239 3663 2344 3732 sia,
2376 3668 2432 3718 et
2457 3664 2709 3718 nimium
2736 3664 2971 3719 decora.
3005 3664 3263 3720 Moribus
3291 3664 3525 3737 quippe
3558 3666 3762 3721 sacris

2237 3753 2467 3808 monitu
2490 3752 2982 3825 componebatur,
3012 3769 3080 3808 ac
3130 3753 3475 3822 insignibus
3524 3753 3761 3810 virtuti

2236 3841 2619 3908 lustrabatur,
2654 3857 2773 3896 non
2804 3842 3035 3896 habens
3062 3856 3169 3913 per
3198 3840 3423 3897 crimen
3456 3841 3762 3898 maculam

2239 3946 2344 4002 per
2372 3929 2775 4002 duplicitatem
2806 3944 3040 3999 rugam.
3084 3929 3376 3986 Hadiabat
3405 3944 3699 4003 namque
3738 3931 3761 3987 ἱ

2240 4017 2524 4074 bhmitate
2555 4017 2935 4089 praelatorum
2993 4017 3175 4073 solari
3233 4022 3581 4084 venustate,
3629 4024 3762 4093 atqi

2238 4105 2568 4160 humilitate
2620 4104 3025 4175 subjectorum
3079 4104 3277 4161 lunari
3334 4104 3755 4164 claritudine.

2239 4208 2380 4247 vero
2406 4192 2537 4247 vitae
2588 4192 2928 4247 innocentis
2970 4198 3187 4247 statum
3236 4190 3711 4262 benignissima
3750 4213 3762 4251 ι

2240 4277 2549 4345 retinebat,
2576 4278 3171 4351 gubernaculumque
3201 4279 3651 4336 ecclesiasticae
3695 4282 3762 4338 di

2241 4367 2506 4433 sationis,
2579 4367 2756 4423 corde
2817 4370 3216 4437 serenissima,
3268 4368 3403 4425 licet
3457 4368 3689 4424 laicali
3741 4382 3762 4427 <

2241 4454 2616 4511 adornabat:
2648 4455 2825 4526 facto,
2857 4456 3016 4512 dicto
3064 4460 3121 4513 et
3150 4458 3413 4527 cogitatu
3450 4470 3761 4532 prosper

2242 4544 2760 4600 nibusexcellebat
2810 4547 3161 4602 meritorum
3198 4545 3451 4614 lumine,
3523 4548 3762 4603 morib

2242 4633 2619 4689 coruscabat.
2648 4634 2962 4690 Enimvero
2998 4634 3245 4707 Spiritus
3297 4636 3500 4691 sancti
3541 4636 3762 4705 gratia

2241 4722 2455 4794 pletius
2487 4722 2806 4792 ditabatur,
2839 4723 3213 4796 septiﬁdique
3265 4724 3692 4779 charismatis
3731 4744 3762 4780 ε

2242 4810 2323 4865 tia
2351 4810 2708 4881 propensius
2736 4810 3161 4882 repletabatur.
3197 4811 3489 4876 Quotidie
3555 4813 3762 4868 merit

2242 4898 2635 4969 omniumque
2669 4898 2969 4953 bonorum
3002 4898 3309 4955 atﬂuentia
3361 4898 3651 4969 dignius
3689 4916 3762 4956 at

2241 4989 2357 5055 tur,
2387 4985 2655 5053 diligenti
2711 4986 3027 5059 subtilique
3058 4987 3448 5057 indagatione
3510 5004 3762 5060 perscr

2243 5078 2339 5129 tur
2365 5074 2570 5130 omnia
2596 5088 2731 5146 quae
2760 5074 2956 5130 laicali
3010 5074 3312 5131 intellectu
3363 5074 3643 5132 discere
3712 5092 3762 5150 p

2245 5165 2377 5218 Erat
2404 5178 2667 5234 namque
2697 5161 2917 5217 ditatus
2945 5163 3276 5218 honoribus
3310 5164 3762 5221 sanctimonia

2245 5255 2463 5307 stratus
2492 5251 2862 5305 commerciis
2888 5251 3365 5321 magniﬁcentiae,
3412 5252 3733 5324 Spiritus

2243 5338 2433 5409 gratia
2460 5343 2778 5409 praeeunte.
2827 5338 3175 5395 Coelestibus
3205 5338 3524 5407 inhiabat,
3583 5339 3762 5396 vitia

2243 5427 2563 5501 pendebat,
2592 5426 2936 5498 incolasque
2983 5428 3480 5483 Northmannicm
3518 5428 3762 5485 telluri

2245 5516 2522 5585 augebat.
2553 5518 2687 5570 Erat
2708 5521 2906 5570 autem
2930 5516 3170 5585 juvenis
3197 5523 3762 5587 mansuetus,om

2245 5603 2425 5660 hitate
2456 5602 2735 5675 repletus,
2789 5616 3031 5658 morum
3070 5602 3335 5658 bonitate
3367 5605 3762 5673 grande

2247 5692 2473 5750 Christo
2484 5691 2545 5748 in
2554 5689 2902 5748 humilitatis
2914 5690 3202 5761 gradibus
3221 5690 3541 5747 fundatus
3552 5735 3567 5748 .
3578 5695 3761 5750 Man
