3878 6390
11 283 16 288 ”
59 272 180 323 725

582 271 671 323 DE
711 271 948 325 GESTIS
989 271 1422 325 NORMANNltE
1461 271 1697 325 DUCUM
1739 267 1917 321 LIBRI
1958 267 2231 321 TRES.—
2260 268 2388 322 LIB.
2433 268 2524 322 ΙΙΙ.
2567 266 2986 323 RICHARDUS.

3395 273 3500 324 720

60 392 262 446 verbo
278 397 335 446 et
366 408 546 464 opere
569 409 691 464 qua
721 393 936 447 mentis
990 393 1314 448 intentione
1362 393 1732 447 introductus
1771 393 1820 446 Α
1843 388 2146 444 humiliter
2179 391 2308 459 ejus
2327 391 2702 459 jussionibus
2735 396 2791 445 et
2820 391 3011 459 dictis,
3044 396 3100 446 et
3127 390 3500 464 obtempera-

58 487 204 537 erat
235 482 315 536 ad
344 481 596 536 salutem
624 483 929 551 regiminis
963 484 1137 537 totius
1169 483 1395 554 patriae.
1419 487 1551 538 Erat
1571 499 1737 538 nam-

57 587 192 642 que
210 569 503 625 melliﬂua
543 569 799 626 dulcedo
823 570 1086 636 fortium,
1122 571 1404 626 fortitudo
1425 571 1733 640 debilium,

57 658 362 714 defensor
389 659 795 730 ophanorum,
825 659 1048 714 solator
1074 659 1454 727 miserorum,
1486 659 1736 714 baculus

62 746 396 808 orborum,
418 750 728 816 reparator
759 746 1166 816 ecclesiarum,
1198 747 1298 801 lux
1341 747 1575 802 sincera
1629 763 1737 801 cas-

57 852 311 904 corum,
345 850 498 906 apex
534 835 908 904 clericorum,
945 835 1109 890 salus
1139 837 1464 905 agentium,
1499 836 1734 890 culmen

57 939 387 993 generum,
416 924 598 978 decus
630 925 975 995 praesulum,
1001 925 1160 979 salus
1190 925 1530 991 viduarum,
1564 941 1736 979 cacu-

56 1029 216 1069 men
249 1012 652 1076 sacerdotum,
684 1020 918 1068 amator
947 1013 1259 1080 ftPtleI‘UIll,
1320 1014 1509 1068 cultor
1561 1015 1735 1068 virtu-

57 1105 224 1167 tum,
261 1101 527 1156 maxima
581 1118 718 1172 spes
769 1102 1038 1156 omnium
1073 1119 1084 1155 :
1119 1102 1308 1173 pietas
1360 1106 1732 1169 maestorum,

56 1189 468 1246 memorabile
491 1190 710 1261 pignus
737 1190 1155 1253 amicitiarum,
1186 1191 1389 1262 palma
1411 1191 1734 1261 desperan-

59 1279 245 1347 tium,
276 1277 457 1333 tutela
489 1278 999 1350 presl')yterorum,
1049 1279 1219 1333 sedes
1272 1278 1496 1348 legum,
1538 1283 1732 1333 rector

55 1366 464 1439 populerum,
493 1373 701 1439 pastor
730 1384 1088 1439 pauperum,
1141 1368 1335 1422 forma
1380 1367 1730 1439 proborum,

57 1472 245 1511 arma
276 1455 552 1520 militum,
595 1456 888 1525 judicium
937 1456 1350 1512 accusantium
1381 1463 1436 1510 et
1493 1473 1734 1511 accusa-

56 1551 292 1609 torum,
326 1543 477 1598 libra
507 1545 928 1615 quaestionum,
979 1545 1278 1613 mitigator
1305 1544 1592 1612 rixarum,
1627 1561 1731 1615 pa—

59 1641 153 1689 ter
203 1632 504 1700 exsulum,
564 1639 832 1705 receptor
896 1633 1310 1705 profugorum,
1376 1633 1726 1688 distributor

1844 477 1991 532 bant
2022 478 2367 534 obedientes
2399 480 2527 548 ejus
2560 479 2891 551 praeceptis.
2929 483 3055 550 Ipse
3101 480 3346 550 regebat
3395 496 3497 533 eos

1843 563 2087 632 blande,
2125 571 2184 620 ut
2209 565 2666 638 parterfamilias
2696 583 2920 633 servos,-
2945 571 3001 622 et
3027 567 3228 624 alebat
3248 584 3351 623 eos
3374 568 3502 622 dul-

1845 654 1988 709 citer
2017 654 2220 710 fomite
2280 655 2733 726 benignissimo,
2795 660 2861 710 ut
2904 663 3073 728 pater
3124 656 3296 712 tilios.
3359 657 3498 726 Ejus

1842 743 2095 798 consilio
2131 744 2538 798 tractabantur
2568 728 2892 800 commoda
2921 745 3248 800 secretioris
3272 746 3498 801 ordinis

1845 830 1959 885 sub
2011 831 2291 903 palaestra
2342 832 2614 886 tbeoricaa
2662 833 2798 887 vitae
2825 832 3198 898 desudantis,
3246 835 3499 906 ejusque

1841 919 2004 974 cultu
2035 920 2489 975 adornabantur
2511 921 2674 976 utilia
2703 921 2929 976 ordinis
2946 922 3298 994 ampliorem
3315 923 3496 978 vitam

1842 1008 2136 1077 ducentis,
2169 1010 2387 1065 scilicet
2418 1011 2531 1064 sub
2562 1012 2838 1082 practicae
2868 1012 2998 1066 vitae
3053 1027 3248 1081 agone
3286 1012 3501 1068 colluc—

1845 1098 2022 1153 tantis
2054 1099 2488 1170 rempublicam
2518 1105 2774 1167 strenue,
2808 1100 3150 1173 blandeque
3183 1105 3239 1156 et
3290 1100 3500 1157 leniter

1843 1186 2121 1257 praelatos
2151 1203 2353 1255 regere
2382 1190 2652 1256 cogebat,
2687 1194 2744 1244 et
2773 1205 2848 1243 ne
2881 1189 3057 1244 alicui
3109 1189 3294 1244 ullum
3351 1206 3500 1262 prm-

1837 1274 2135 1344 judicium
2167 1275 2445 1342 facerent,
2480 1277 2824 1332 minabatur
2868 1283 2926 1333 et
2979 1277 3347 1350 postulabat.
3411 1279 3500 1334 Ri-

1841 1362 2069 1417 chardo
2101 1381 2237 1419 vero
2268 1364 2421 1420 duce
2452 1366 2651 1432 sagaci
2668 1366 2953 1438 justoque
2981 1366 3184 1435 legum
3218 1367 3498 1423 modera-

1842 1452 2002 1506 mine
2028 1457 2245 1508 terram
2277 1470 2427 1524 pene
2461 1456 2640 1509 totius
2669 1455 2864 1510 Gallias
2893 1453 3205 1511 salubriter
3232 1460 3496 1526 regente,

1843 1541 2222 1596 exsultabant
2259 1542 2548 1598 caelorum
2582 1543 2762 1610 cives,
2800 1545 3130 1599 immensas
3171 1545 3498 1617 praeconio-

1842 1644 1977 1682 rum
2001 1628 2208 1684 laudes
2239 1628 2564 1685 individuas
2593 1631 2855 1686 Trinitati
2879 1632 3220 1688 referentes.-
3262 1633 3495 1688 Gaude-

55 1724 397 1790 bonorum,
445 1721 636 1776 dulcis
697 1738 867 1776 amor
915 1723 1321 1790 vernularum,
1385 1722 1728 1792 exemplum
1763 1739 1806 1794 Β
1839 1715 1944 1770 bat
1973 1717 2168 1772 omnis
2196 1722 2370 1785 terra,
2399 1718 2666 1789 jubilans
2696 1720 2947 1776 Domino
2979 1720 3037 1775 in
3065 1720 3286 1776 lastitia.
3320 1721 3492 1777 Plau-

56 1815 427 1866 cunctorum
464 1829 476 1877 ;
510 1825 691 1873 mena
721 1811 943 1880 furum,
975 1811 1398 1866 detrimentum
1429 1811 1728 1866 latronum

55 1899 424 1956 emendator
465 1900 898 1968 confessorum,
955 1916 1109 1971 opus
1151 1900 1461 1971 pietatum,
1516 1916 1727 1954 murus

57 1989 410 2057 regionum,
439 1987 642 2043 lumen
675 1994 1048 2052 cunctorum,
1093 1989 1394 2060 specimen
1449 1988 1728 2044 sanctita-

54 2084 216 2144 tum,
279 2075 453 2132 dulce
507 2083 688 2148 caput
737 2077 1076 2143 consulum,
1133 2077 1447 2133 auxiliator
1493 2093 1726 2147 regum,

53 2168 367 2240 protector
397 2165 669 2220 omnium
700 2165 1084 2238 populorum.

474 2270 834 2310 APOSTROPHA
878 2271 1322 2309 ADIUCHARDCM.

55 2347 288 2401 Censor
315 2342 394 2397 ab
424 2358 644 2398 occasu
673 2359 855 2414 quem
878 2343 1009 2398 laus
1031 2345 1303 2414 exporgit
1332 2346 1473 2412 Eoo,

55 2436 253 2487 Fama
281 2431 586 2486 recensitis
615 2430 834 2500 laudis,
859 2437 1206 2503 septemque
1231 2431 1427 2499 trioni,

54 2520 856 2591 PatriciRichardc,cdmes,
903 2521 1026 2576 dux
1077 2521 1367 2590 marchio,
1424 2521 1720 2594 princeps.

56 2609 394 2678 Relligione
428 2609 647 2678 calens,
681 2609 1048 2680 probitatum
1076 2609 1381 2680 agalmate
1409 2609 1650 2678 ﬂoreus,

53 2697 344 2770 Alloquio
369 2696 549 2764 mitis,
583 2696 919 2751 bonitatum
950 2714 1145 2752 merce
1177 2696 1444 2764 celebris,

52 2787 286 2845 Callem
313 2787 518 2856 judicii
550 2803 796 2841 servans
826 2786 1238 2841 moderamine
1264 2785 1430 2855 legis.
1583 2857 1586 2864 Ι

53 2875 327 2934 Grandia
357 2875 727 2931 causidicum
753 2880 1037 2946 superant
1067 2880 1166 2931 tua
1197 2875 1356 2930 facta
1412 2875 1720 2948 pusillum,

50 2970 486 3038 Compressum
500 2964 755 3019 nimium
766 2981 965 3020 rerum
979 2981 1193 3034 aggere
1206 2964 1718 3022 multimodarum.

1839 1804 2065 1860 debant
2093 1821 2304 1862 omnes
2337 1807 2398 1862 in
2430 1808 2674 1862 excelsis
2705 1813 2761 1864 et
2789 1809 3125 1866 referebant
3139 1815 3334 1880 grates
3360 1813 3495 1867 0m-

1837 1895 2147 1966 nipotenti,
2180 1896 2284 1968 qui
2310 1895 2423 1951 illis
2451 1898 2766 1969 patricium
2793 1903 2850 1955 et
2912 1899 3129 1956 ducem
3181 1904 3485 1956 tantorum

1835 1983 2136 2038 bonorum
2162 1984 2542 2040 incrementis
2561 1986 2808 2057 largitus
2839 1992 2926 2044 est
2955 1988 3270 2045 cluentem.
3289 1991 3494 2046 North~

1835 2071 2044 2126 manni
2075 2088 2214 2128 vero
2241 2077 2406 2128 tanto
2434 2090 2683 2151 censore
2709 2079 2995 2149 tantoque
3034 2077 3330 2133 advocato
3359 2092 3492 2148 gra-

1836 2162 2048 2227 tantes,
2074 2159 2293 2232 illoque
2321 2167 2612 2233 praesente
2636 2178 2760 2218 non
2785 2169 3019 2220 tantum
3043 2164 3158 2220 frui
3204 2165 3491 2236 volentes,

1834 2264 2043 2304 verum
2075 2250 2254 2306 etiam
2281 2249 2355 2306 de
2397 2252 2740 2324 posteritate
2787 2253 3139 2323 cogitantes,
3191 2259 3257 2310 ut
3307 2254 3495 2326 gloria

1834 2337 2019 2408 prolis
2047 2338 2174 2394 viro
2201 2355 2323 2395 non
2349 2339 2794 2414 deesset,utque
2819 2342 2926 2397 viri
2943 2342 3211 2412 germine
3226 2359 3350 2400 non
3363 2344 3493 2400 des.

1832 2425 2120 2482 tituantur
2139 2444 2246 2501 per
2266 2431 2690 2500 progenierum
2721 2431 3154 2500 successiones,
3205 2437 3497 2490 venerunt

1833 2515 1911 2569 ad
1943 2531 2082 2570 eum
2111 2516 2375 2572 dicentes
2403 2535 2416 2573 :
2452 2540 2480 2568 ‹‹
2511 2521 2621 2574 Res
2650 2519 2946 2592 cujusque
2968 2521 3213 2591 negotii,
3228 2538 3365 2594 quas
3397 2539 3490 2578 sa-

1832 2608 2141 2659 cramento
2172 2620 2327 2659 vera:
2356 2605 2496 2662 ﬁdei
2523 2606 2996 2664 determinantur
3016 2608 3096 2664 ab
3116 2610 3484 2667 orthodoxis.

1831 2708 2032 2764 opera:
2061 2692 2320 2766 pretium
2347 2698 2436 2749 est
2463 2711 2585 2767 quo
2628 2695 2980 2768 expleantur
3025 2696 3488 2756 indeterminato

1831 2781 2025 2853 spatio
2056 2782 2331 2855 preﬁniti
2376 2783 2680 2856 temporis.
2741 2784 3032 2850 Quocirca
3060 2785 3247 2842 ﬁliam
3297 2790 3491 2858 Hugo—

1830 2871 1944 2937 nis,
1998 2872 2204 2942 magni
2254 2875 2616 2928 Francorum
2672 2872 2869 2943 ducis,
2918 2890 3105 2947 quam
3156 2874 3256 2930 illo
3285 2891 3491 2948 super-

1832 2960 1962 3016 stite
2020 2966 2398 3017 sacramento
2453 2962 2929 3019 connectendam
3004 2964 3111 3020 tibi
3181 2964 3487 3020 connubio

46 3059 171 3111 Nec
205 3052 359 3108 valet
397 3053 712 3125 exsequier
738 3053 898 3124 quod
933 3053 1104 3122 gestit
1160 3053 1414 3110 scribere
1463 3071 1718 3128 semper,
1751 3089 1792 3145 Ο
1831 3049 2103 3145 sanxisti,
2146 3054 2474 3145 anteqnam
2525 3052 2894 3123 preeﬁniatur
2938 3054 3230 3109 terminus
3284 3055 3488 3110 statuti

45 3149 239 3200 Actus
269 3142 532 3214 impetus
564 3141 762 3197 eximii
788 3158 932 3198 nam
959 3143 1091 3198 vicit
1120 3143 1390 3215 inertem,

44 3214 400 3299 Quamlibet
429 3230 762 3286 immeritus
790 3231 1003 3302 poterit
1034 3231 1195 3304 quod
1232 3214 1498 3305 scribere,
1520 3237 1717 3290 certet.

39 3325 177 3377 Heu
203 3323 215 3376 Ξ
247 3321 448 3376 atheta
477 3320 575 3376 Dei
608 3321 813 3388 vigeas
845 3321 904 3376 in
932 3320 1191 3376 culmine
1222 3322 1359 3378 divi.
1440 3377 1442 3380 ,

43 3411 288 3469 Gaudia
309 3427 448 3465 cum
481 3410 702 3465 sanctis
730 3410 960 3465 habeas
989 3427 1096 3483 per
1125 3428 1358 3483 pascua
1385 3412 1572 3484 pacis.

119 3503 272 3556 Cum
309 3503 507 3564 autem
534 3498 862 3554 Richardus
883 3499 1152 3553 marchio
1174 3498 1421 3554 celebris
1447 3499 1719 3556 videlicet

39 3587 339 3656 columba
363 3586 598 3656 Christi,
633 3586 758 3641 sine
809 3586 940 3642 felle
985 3587 1420 3664 amaritudinis,
1474 3587 1718 3643 eniteret

39 3677 283 3735 omium
315 3667 617 3742 bonorum
663 3676 859 3743 titulis,
915 3676 1305 3748 quietumque
1354 3680 1409 3730 et
1453 3675 1712 3731 solidum

38 3768 123 3824 ab
186 3763 445 3830 inimicis
500 3768 722 3820 teneret
777 3781 1029 3833 regnum
1081 3764 1554 3820 Northmannicae
1600 3765 1710 3820 Bri-

43 3855 434 3926 tanniamque
510 3854 789 3924 regionis,
867 3854 1152 3925 nullaque
1225 3869 1369 3926 gens
1465 3854 1712 3911 auderet

33 3946 283 4011 feritare
343 3960 481 4000 cum
539 3944 927 4006 Richardidis.
987 3947 1182 4012 Hugo,
1223 3943 1348 3998 dux
1377 3949 1713 4013 magnuset

33 4032 358 4099 mirabilis,
387 4037 628 4088 coactus
657 4032 1057 4102 imbecillitate
1100 4031 1191 4086 sui
1233 4032 1518 4104 corporis,
1577 4049 1711 4090 coa-

31 4121 292 4180 dunatis
322 4123 540 4193 pariter
570 4121 856 4176 militibus
880 4122 1022 4188 suis,
1053 4125 1379 4194 antequam
1425 4122 1709 4193 defunge-

28 4219 227 4278 retur,
262 4210 321 4265 in
346 4211 626 4281 extremis
641 4210 892 4283 positus,
918 4210 1061 4280 dixit
1092 4227 1104 4264 :
1130 4233 1156 4258 ‹‹
1189 4211 1483 4267 Richardo
1506 4214 1710 4268 North-

25 4315 411 4368 mannorum
467 4299 605 4355 duci
659 4300 1194 4371 praepotentissimo
1243 4301 1429 4364 filiam
1481 4318 1702 4370 meam,

23 4395 173 4450 licet
207 4395 422 4445 tenerae
456 4389 642 4445 aetatis
697 4389 787 4460 sit,
833 4389 1044 4445 futuris
1098 4391 1321 4462 nuptiis
1378 4392 1699 4450 connubio.

25 4484 424 4539 sacramento
468 4484 664 4547 vestro
713 4478 964 4534 consilio
1020 4477 1272 4548 tradidi;
1304 4496 1514 4553 quam,
1564 4498 1697 4537 cun.

23 4583 313 4638 congrua
342 4566 679 4637 habilisque
710 4567 837 4622 viro
866 4566 1057 4636 fuerit,
1088 4566 1288 4636 largiri
1317 4565 1398 4623 illi
1455 4568 1704 4626 nullate-

23 4677 153 4718 nus
182 4654 492 4712 ditl’eratis.
536 4658 668 4725 Ipse.
697 4671 837 4710 vero
869 4656 1071 4710 uxoris
1101 4672 1251 4712 mea!
1307 4655 1532 4728 ﬁliique
1562 4658 1700 4724 mei,

21 4753 184 4808 dum
207 4744 361 4812 inid
387 4743 702 4809 aatatiserit,
721 4744 1049 4800 advocatus
1073 4747 1164 4813 sit,
1191 4761 1414 4818 vosque
1442 4747 1702 4804 consiliis

23 4843 167 4913 ejus
198 4833 613 4904 saluberrimis
643 4839 698 4902 et
751 4834 1052 4892 mandatis
1109 4835 1360 4892 ultronei
1416 4837 1702 4894 inhaarea-

23 4933 170 4988 tis.»
202 4925 488 4981 Defuncto
515 4940 654 4991 vero
687 4927 931 4993 Hugone
965 4927 1324 4994 Francorum
1355 4925 1527 4993 duce,
1575 4944 1700 4994 om-

22 5035 142 5076 nes
199 5014 517 5070 unanimes
573 5013 647 5069 ad
704 5013 1086 5082 Richardum,
1147 5017 1320 5069 tantae
1393 5016 1700 5086 potestatis

20 5103 476 5172 marchionem,
509 5119 861 5171 convenere,
893 5119 1074 5174 seque
1108 5102 1537 5159 commiserunt
1585 5105 1697 5160 sub

20 5191 374 5273 patrocinio
403 5193 637 5261 consilii
667 5193 796 5263 ejus
823 5196 879 5248 et
902 5192 1111 5247 tutelae.
1138 5192 1574 5270 Incumbebant
1596 5209 1698 5250 au-

18 5296 156 5354 tem
175 5296 393 5354 omnes
415 5281 746 5352 voluntarie
777 5282 905 5353 ejus
938 5281 1194 5352 servitio,
1227 5287 1283 5337 et
1323 5281 1698 5339 famulaban-

21 5385 125 5434 tur
154 5372 410 5428 libenter
444 5375 504 5426 ut
535 5371 786 5436 Domino
816 5370 1090 5442 ipsi.lpse
1122 5375 1322 5426 autem
1345 5371 1696 5427 muneribus

21 5458 447 5539 praemaximis
502 5459 999 5531 mirabilibusquc
1049 5459 1222 5514 donis
1285 5475 1387 5516 eos
1447 5459 1693 5528 ditabat,

23 5547 462 5618 beneficiisque
510 5547 862 5616 largissimis
922 5565 1023 5602 eos
1069 5547 1520 5617 angmentabat.
1581 5548 1695 5622 Ipsi

21 5649 236 5703 autem
269 5643 392 5694 toto
423 5639 635 5694 mentis
660 5639 874 5696 aﬂectu
932 5639 1260 5709 diligebant
1316 5655 1476 5709 eum,
1536 5656 1696 5696 sum-

23 5745 256 5806 moque
287 5727 631 5786 reverentiae
655 5726 822 5784 cultu
849 5727 1364 5786 recolebanteum.
1400 5727 1694 5786 Parebant

1829 3137 2136 3210 temporis,
2169 3137 2217 3194 si
2243 3154 2511 3209 congrua
2540 3139 2879 3213 habilisque
2918 3145 2974 3197 et
3015 3141 3235 3198 nubilis
3289 3141 3483 3211 fuerit,

1827 3225 1958 3296 lege
1987 3227 2245 3283 maritali
2276 3228 2658 3302 praedignum
2687 3234 2775 3285 est
2806 3230 2908 3286 tibi
2940 3230 3226 3304 copulari.
3262 3231 3364 3288 Illa
3389 3248 3484 3288 ve-

1825 3331 1914 3384 ro,
1945 3320 2011 3372 ut
2041 3316 2404 3384 audivimus,
2439 3318 2604 3387 virgo
2653 3319 3116 3389 elegantissimas
3163 3321 3379 3394 speciei
3429 3326 3487 3378 et

1824 3403 2056 3473 formae,
2091 3411 2229 3479 apta
2260 3406 2508 3475 genialis
2539 3407 2825 3463 connubii
2864 3409 3283 3478 commistioni,
3338 3427 3483 3467 con-

1823 3495 2178 3566 gruentique
2222 3494 2590 3550 delectabilis
2659 3496 3016 3552 concubitus
3091 3497 3478 3570 amplexioni,

1822 3582 2136 3638 masculini
2163 3583 2406 3638 seminis
2430 3583 2655 3639 viribus
2681 3585 2930 3639 minime
2967 3585 3166 3642 differt
3205 3603 3481 3643 succum-

1818 3671 2016 3726 bere.»
2048 3670 2376 3727 Richardus
2408 3687 2549 3726 vero
2579 3671 2760 3727 virilis
2811 3672 3098 3728 ubertatis
3155 3679 3474 3748 potestate.

1818 3760 2031 3816 dicitur
2053 3761 2174 3815 suis
2194 3760 2574 3832 respondisse
2607 3778 2620 3816 :
2658 3761 2830 3827 Quod
2881 3763 3176 3820 sancitum
3227 3769 3316 3821 est
3355 3764 3475 3822 ﬁde

1817 3853 2128 3923 peractum
2159 3849 2248 3917 iri,
2283 3866 2662 3922 consequens
2684 3855 2772 3906 est
2794 3857 3141 3909 exsecutum
3169 3853 3260 3912 iri.
3317 3855 3474 3912 Illico

1815 3944 2232 4012 prieparantur
2261 3939 2540 4012 nuptialis
2565 3946 2842 4014 sumptus
2907 3944 3252 4016 commoda,
3303 3945 3476 4002 ador-

1816 4033 2155 4101 nanturque
2177 4028 2442 4084 mirifica:
2463 4029 2914 4102 compositionis
2937 4032 3478 4101 sponsalia.N01‘th-

1815 4117 2073 4173 manniee
2100 4118 2296 4190 igitur,
2331 4118 2760 4192 Britonicaeque
2808 4120 3066 4190 regionis
3117 4123 3475 4194 optimatum

1815 4223 2006 4263 manu
2032 4207 2237 4278 ascita,
2260 4208 2730 4281 praeparatisque
2784 4209 3068 4266 omnibus
3127 4209 3473 4266 feeceninno

1816 4295 1999 4352 cultui
2029 4312 2165 4370 qua:
2203 4302 2370 4352 erant
2421 4296 2784 4365 necessaria,
2833 4314 2972 4354 cum
3019 4297 3472 4370 incomputabili

1815 4384 2158 4459 principum
2184 4386 2606 4454 congressione
2633 4403 2769 4444 eam
2824 4387 3101 4444 decenter
3127 4391 3186 4443 et
3237 4385 3475 4443 honori-

1813 4473 1924 4529 ﬁce
1950 4473 2198 4530 deduxit
2227 4473 2306 4528 ad
2338 4475 2839 4544 Rothomagensis
2860 4474 3024 4531 urbis
3047 4475 3291 4547 palatia.

2451 4579 2835 4620 APOSTROPHA.

1993 4653 2175 4708 Prolis
2203 4657 2421 4726 optatae
2447 4653 2880 4726 prosperitatis,

1993 4744 2036 4798 Ο
2067 4759 2304 4816 semper
2327 4741 2548 4814 cupidi,
2581 4741 2954 4815 indignique,

1989 4832 2384 4905 Northmanni
2409 4848 2710 4904 proceres,
2738 4831 3142 4904 belligerique,

1989 4921 2215 4977 Vivacis
2245 4921 2463 4977 mentis
2489 4921 2625 4992 igne
2657 4921 2915 4977 calentes
2947 4938 2962 4976 -:

1989 5014 2116 5066 Non
2143 5012 2254 5066 hac
2284 5027 2418 5083 qua:
2449 5011 2700 5079 vehitur,
2735 5010 2961 5079 virgine
2985 5007 3181 5082 proles

1990 5104 2294 5174 Nascetur,
2313 5099 2733 5174 populumque
2761 5105 2925 5169 reget
2943 5099 3150 5155 haeres.

1989 5193 2205 5246 Verum
2235 5190 2441 5247 divino
2465 5190 2712 5246 numine
2739 5194 2924 5246 nutus

1987 5279 2251 5337 Caelestis
2276 5279 2440 5350 virgo
2463 5279 2676 5352 prodet
2703 5277 2848 5336 olim

1988 5369 2175 5442 Stirpe
2199 5369 2514 5439 Dacigena,
2543 5368 2787 5440 nobilis,
2816 5367 3000 5439 alnia,

1985 5459 2256 5528 Pulchra,
2283 5458 2658 5531 percelebris,
2686 5459 3107 5526 etreverenda,

1982 5548 2192 5620 Digna,
2224 5548 2523 5621 praelecta,
2548 5553 2604 5604 et
2628 5547 2968 5619 recolenda,

1984 5641 2171 5694 Cauta
2199 5637 2470 5709 consilio,
2501 5637 2776 5710 provida,
2800 5639 3066 5710 prudens
3098 5658 3110 5696 :

1985 5729 2180 5794 Quam
2210 5726 2335 5785 dux
2363 5726 2692 5787 Richardus
2717 5729 2986 5786 marchio
3012 5729 3228 5802 justus,
