3878 6400
478 284 581 337 727

662 402 936 459 Pluribus
967 403 1203 459 sibimet
1232 403 1404 471 eliget
1430 420 1637 470 unam,

661 496 924 560 Jungens
956 491 1276 561 connubio,
1306 490 1543 555 federe,
1570 494 1764 562 pacto,

665 583 973 652 Quamque
1004 584 1280 648 vergente
1311 585 1575 651 tempore
1607 579 1824 649 dignus

663 673 947 725 Nascetur
973 670 1162 724 haeres
1203 668 1482 737 germinis
1509 668 1668 723 almi.

558 760 705 814 Cum
737 762 935 813 autem
981 762 1155 813 tantae
1211 758 1531 813 nobilitatis
1583 756 1854 827 conjugis
1906 754 2136 809 decenti

488 848 882 918 gratularetur
912 847 1229 911 consortio,
1275 847 1695 918 Bi‘itonicaeque
1719 852 1895 916 atque
1926 845 2134 899 North-

487 937 779 993 mannicaa
806 937 1010 1008 patriae
1042 937 1297 1009 populos
1328 941 1623 991 sereuaret
1649 938 1779 1006 jure
1813 934 2133 999 salutifero,

490 1030 668 1097 atque
699 1041 805 1096 per
833 1028 1016 1079 totam
1044 1040 1196 1096 pene
1254 1025 1559 1079 Franciam
1614 1023 2136 1093 Burgundiamque

494 1113 719 1167 salubri
744 1113 990 1168 consilio
1021 1114 1357 1184 repentinas
1390 1113 1819 1177 insurgentium
1844 1111 2138 1165 malorum

494 1201 924 1255 commotiones
956 1206 1358 1272 compesceret
1388 1201 1584 1269 dignae
1615 1199 1921 1271 potestatis
1952 1198 2140 1252 domi-

494 1290 638 1357 nio;
701 1290 948 1362 quidam
1001 1295 1240 1361 satrapa
1293 1291 1534 1345 nomine
1586 1290 1923 1352 Tetboldus,
1975 1288 2141 1342 dives

496 1395 701 1450 opum,
732 1378 1105 1450 militumque
1138 1378 1698 1447 suﬂicientissimus,
1726 1377 2141 1433 novercalibus

494 1465 680 1535 furiis,
713 1466 954 1537 zeloque
986 1470 1041 1521 et
1070 1466 1209 1521 odio
1250 1483 1592 1532 succensus,
1654 1466 1831 1539 coepit
1877 1462 2142 1519 insidiari

496 1555 548 1609 ei
580 1554 780 1609 multis
811 1554 1403 1619 subsannationibus,
1434 1555 1731 1627 rixarique
1760 1558 1965 1609 contra
1982 1568 2141 1621 eum,

497 1647 553 1697 et
581 1658 929 1714 oppugnare
984 1643 1292 1697 incassum
1342 1647 1559 1698 terram
1609 1644 1761 1713 ejus.
1816 1645 2144 1696 Decernens

499 1735 695 1785 autem
728 1746 788 1785 se
818 1730 963 1785 nihil
986 1737 1191 1785 contra
1221 1747 1358 1785 eum
1385 1730 1691 1803 proﬁcere,
1715 1729 2015 1803 profectus
2061 1730 2148 1781 est
2180 1747 2218 1799 Β

498 1818 575 1873 ad
606 1818 965 1886 Gerbergam
994 1818 1243 1886 regiam,
1268 1819 1576 1889 ﬁliumque
1608 1820 1737 1888 ejus
1787 1821 2144 1872 Francorum

498 1922 700 1973 regem
729 1906 1067 1960 Lotharium
1100 1912 1537 1961 commorantes
1587 1905 1877 1961 Lauduno
1924 1909 2142 1958 monte.

502 1993 607 2058 Qui
638 1993 838 2048 multis
867 1995 1384 2065 prosecutionibus
1417 1995 1593 2066 ccepit
1646 2010 1747 2047 eos
1801 2007 2029 2059 urgere,
2088 1996 2151 2045 ut

501 2081 854 2153 decipiendo
880 2082 1249 2153 deponerent
1272 2098 1410 2136 eum
1440 2087 1604 2137 tanto
1662 2084 1906 2136 honore.
1966 2083 2147 2134 Vene-

503 2186 701 2241 noque
724 2169 924 2224 livoris
954 2170 1226 2240 infectus,
1260 2171 1494 2226 dicebat
1518 2171 1642 2241 regi
1669 2175 1724 2225 et
1777 2170 1948 2225 matri
1975 2170 2101 2238 ejus
2132 2186 2144 2223 :

506 2280 534 2307 «
562 2258 768 2313 Mirum
799 2258 944 2312 mihi
969 2263 1025 2313 et
1072 2259 1353 2313 omnibus
1419 2276 1523 2314 cur
1572 2264 1747 2315 tantm
1796 2258 2147 2327 arrogantiae

505 2362 707 2402 comes
735 2346 1063 2402 Richardus
1082 2348 1569 2403 Nortmannicum
1600 2349 2020 2419 Britonumque
2067 2352 2149 2401 te-

505 2451 655 2491 nens
679 2451 931 2503 regnum
961 2437 1216 2509 quietus,
1245 2453 1422 2508 super
1444 2441 1694 2493 Francos
1712 2441 2148 2509 praesumptuo-

506 2540 573 2579 sa
618 2525 939 2581 temeritate
988 2526 1178 2580 elatus
1233 2527 1600 2599 principatur
1655 2531 1976 2583 contumax
2025 2541 2148 2597 pra:

504 2613 807 2669 omnibus.
838 2618 949 2669 Nec
979 2618 1116 2682 Deo,
1150 2632 1259 2671 nec
1286 2616 1386 2671 ulli
1437 2616 1666 2687 militat,
1720 2616 2041 2672 famulatur
2095 2619 2151 2670 et

504 2702 680 2758 servit
714 2719 957 2769 ;verum
989 2704 1049 2759 in
1081 2721 1202 2759 sum
1230 2705 1715 2778 praesumptionis
1735 2705 2032 2774 iactantia,
2064 2704 2151 2758 in-

502 2792 790 2846 reverenti
820 2792 1023 2847 animo
1047 2794 1343 2865 cordeque
1373 2794 1652 2849 infrunito
1692 2793 1952 2850 conﬁdit.
2003 2797 2150 2848 Nos-

502 2885 729 2935 trorum
774 2897 1077 2953 quemque
1120 2882 1513 2953 parvipendit,
1566 2886 2043 2955 Francorumque
2088 2886 2153 2937 ut

503 2984 608 3023 rex
637 2968 857 3023 ditione
890 2970 1149 3040 superba
1176 2970 1518 3025 dominatur
1546 2977 1601 3027 et
1616 2972 1781 3041 regit.
1804 2972 1986 3041 Hujus
2013 2986 2151 3026 con-

505 3056 634 3110 silio
664 3060 989 3110 tractantur
1016 3062 1229 3113 cuncta
1265 3075 1398 3130 qua;
1450 3060 1830 3129 Francigenis
1884 3064 2023 3115 sunt
2068 3060 2155 3114 in-

505 3144 850 3199 commoda.
882 3147 1008 3199 Non
1037 3150 1127 3200 est
1155 3146 1237 3199 tui
1266 3163 1373 3202 nec
1403 3148 1586 3203 nostri
1614 3148 1858 3203 honoris
1903 3153 1967 3203 ut
2022 3148 2152 3203 talis

509 3248 713 3287 comes
762 3231 1102 3288 dominetur
1131 3235 1333 3290 nostri.
1366 3237 1629 3291 Dedecus
1660 3237 1883 3309 quippe
1940 3241 2026 3291 est
2072 3235 2154 3290 tui

505 3319 738 3392 imperii
767 3321 911 3392 quia
935 3323 1451 3390 Burgundionibus
1499 3325 1771 3397 imperat,
1828 3324 2155 3396 Aquitanos

508 3408 704 3476 arguit
728 3413 783 3463 et
810 3408 1096 3481 increpat,
1130 3410 1386 3467 Britones
1425 3416 1480 3468 et
1530 3414 1970 3469 Northmannos
2008 3413 2159 3481 regit

509 3500 565 3550 et
594 3495 905 3564 gubernat,
936 3496 1325 3555 Flandrenses
1354 3500 1619 3556 minatur
1652 3504 1707 3555 et
1734 3501 2022 3571 devastat,
2048 3502 2157 3555 Da-

509 3601 609 3640 cos
640 3590 695 3641 et
727 3586 1166 3655 Lotharienses,
1198 3589 1529 3660 quinetiam
1561 3593 1825 3647 Saxones
1857 3590 1967 3645 sibi
2019 3605 2158 3644 con-

507 3674 683 3730 nectit
712 3678 767 3730 et
794 3675 1085 3732 conciliat.
1118 3678 1287 3746 Angli
1309 3695 1549 3752 quoque
1579 3680 1629 3733 ei
1655 3679 1997 3735 obedienter
2022 3677 2159 3732 sub.

508 3763 751 3829 duntur,
777 3765 931 3820 Scoti
951 3769 1008 3819 et
1034 3765 1319 3821 Hibernes
1336 3767 1465 3837 ejus
1486 3767 1817 3839 patrocinio
1847 3770 2154 3837 reguntur.

511 3852 793 3907 Omnium
813 3853 1034 3926 quippe
1063 3870 1386 3924 regnorum
1412 3873 1622 3912 omnes
1654 3861 1856 3926 gentes
1886 3856 1938 3910 ei
1967 3855 2159 3909 famu-

511 3938 712 3993 lantur
732 3943 788 3994 et
816 3939 1121 4012 obediunt,
1144 3958 1254 3998 nec
1285 3948 1373 3999 est
1398 3944 1511 3998 nisi
1550 3948 1615 3999 tu
1652 3947 1835 4014 queat
1890 3942 2160 3996 resistere

515 4026 874 4097 superbienti
919 4030 1230 4086 temeritati
1282 4032 1412 4101 ejus
1467 4031 1842 4102 militumque
1890 4046 2159 4086 suorum.

514 4115 694 4183 Magis
725 4132 793 4172 ac
813 4118 1029 4189 magis,
1063 4135 1367 4192 supraque
1393 4120 1536 4176 satis
1563 4119 1907 4189 ingruenter
1936 4119 2165 4173 confor-

515 4208 671 4259 tatur
692 4210 749 4261 et
776 4207 1163 4279 praevalescit,
1191 4225 1302 4265 nec
1331 4209 1628 4265 multiﬂua
1652 4207 1907 4263 militum
1954 4224 2061 4262 con
2072 4224 2167 4277 ge-

514 4293 598 4349 rie
645 4294 952 4351 conﬁdens
1002 4298 1311 4370 resipiscit.
1369 4298 1510 4354 Vide
1587 4313 1660 4352 ne
1728 4313 1981 4365 regnum
2061 4297 2166 4352 tibi

516 4384 955 4442 htereditarium
976 4392 1222 4443 conetur
1246 4403 1426 4460 super
1449 4391 1504 4442 te
1533 4386 1837 4455 invadere,
1870 4390 2041 4458 teque
2086 4386 2164 4442 ab

516 4472 617 4527 illo
664 4475 1054 4533 exterminare
1114 4481 1172 4532 et
1251 4475 1581 4532 extrudere.
1641 4475 1699 4531 Si
1739 4475 1904 4546 quod
1950 4476 2164 4546 injuste

518 4564 675 4617 tenet
729 4566 976 4633 teneres,
1034 4565 1240 4621 omnia
1285 4580 1473 4634 regna
1530 4562 1634 4618 tibi
1678 4563 1982 4618 vindicare
2038 4565 2166 4637 qui-

1456 281 1758 337 DUDONIS
1798 277 2052 334 DECANI
2096 277 2151 331 S.
2196 277 2501 341 QUINTINI
2541 279 2922 335 VIROMAND.
3712 279 3764 330 72

2871 415 3255 455 APOSTROPHA.

2242 511 2269 537 ‹‹
2311 490 2437 544 Heu
2470 492 2482 545 Ξ
2510 491 2655 563 quid
2687 490 2883 546 adhuc
2905 489 3049 544 furis
3080 488 3419 553 ardescens,
3458 503 3487 541 ο
3530 486 3763 559 Αιδῐιιιιρὶιι

3234 576 3393 647 [odio
3418 574 3753 648 perﬁdiaque,

2240 666 2477 723 Invidiae
2494 668 2747 723 nimium
2778 666 3030 723 afﬂictus
3062 665 3231 720 taedis
3261 670 3317 719 et
3339 663 3610 719 laniatus?

2244 755 2449 810 Desine
2482 756 2673 811 moliri
2704 761 2907 810 contra
2939 770 3223 827 superum
3258 753 3502 825 velleque
3523 768 3684 825 posse

2243 845 2573 898 Pervacuus
2602 843 2855 898 nimium
2886 843 3059 898 labor
3107 848 3217 903 est,
3266 858 3439 914 quem
3481 855 3617 895 nunc
3667 853 3764 893 cori

3472 929 3757 999 [retractas

2244 1022 2367 1073 Non
2399 1020 2646 1091 capitur,
2673 1035 2856 1092 quem
2888 1018 3095 1073 dextra
3122 1018 3220 1073 Dei
3241 1017 3443 1086 sancit,
3478 1015 3705 1088 protegit
3756 1030 3764 1068 ι

3620 1106 3764 1176 [que

2248 1200 2395 1252 Nam
2415 1200 2633 1267 justus,
2666 1196 2918 1270 probus,
2960 1197 3273 1263 innocuus,
3334 1199 3564 1262 sanctus,
3607 1210 3764 1267 perce

3535 1283 3764 1355 [brisqui

2250 1375 2524 1443 Marchio,
2557 1376 2981 1447 patriciusque,
3025 1388 3249 1443 comes,
3304 1372 3422 1428 dux
3460 1370 3758 1428 Richardus

3560 1460 3764 1532 [almus

2250 1558 2503 1621 Aggerre
2533 1550 2887 1624 quadriﬁdas
2919 1556 3150 1606 mactus
3182 1534 3413 1605 virtutis
3432 1549 3689 1619 rutilanti,

2251 1641 2485 1695 Plebem
2508 1641 2893 1696 commissam
2927 1640 3185 1694 subimet
3213 1644 3382 1711 pater
3407 1643 3463 1694 ut
3488 1638 3721 1706 corriget

3630 1728 3764 1797 [gen

2252 1822 2533 1886 Proteget,
2566 1817 2970 1885 auxiliabitur,
2998 1822 3054 1872 et
3083 1816 3354 1881 salvabit,
3379 1814 3696 1871 refovebit.»

2326 1930 2352 1955 ‹‹
2383 1908 2437 1962 Si
2468 1907 2757 1961 universas
2784 1907 3041 1961 Franciae
3066 1911 3121 1961 et
3144 1905 3488 1975 Burgundiae
3508 1904 3732 1959 militari
3757 1920 3764 1958 ι

2253 2012 2335 2051 nu
2363 1997 2563 2061 ascita,
2588 1995 2884 2066 profectus
2907 1994 3078 2050 fuerit
3103 2011 3207 2049 rex
3234 1993 3533 2049 Lotharius
3553 1997 3687 2047 tuus
3720 1994 3757 2047 ﬁ

2254 2084 2331 2139 ad
2361 2084 2488 2153 ejus
2518 2082 2696 2137 urbes
2728 2082 3179 2147 munitissimas,
3217 2081 3310 2135 ille
3361 2080 3410 2135 si
3434 2079 3692 2135 maluerit
3720 2097 3764 2134 ri

2254 2177 2381 2227 tens
2412 2170 2719 2225 dimicabit
2739 2175 2945 2225 contra
2974 2187 3132 2225 eum.
3173 2170 3229 2226 Si
3281 2184 3423 2235 non,
3466 2176 3764 2240 componet

2256 2262 2315 2317 in
2338 2260 2694 2315 firmissimis
2736 2259 3168 2314 munitionibus
3220 2258 3643 2314 tutissimarum
3693 2258 3764 2312 cii

2254 2355 2400 2405 tum.
2435 2349 2695 2419 Denique
2726 2348 3085 2417 conglobato
3116 2347 3575 2402 christicolarum
3626 2362 3764 2418 pag:

2254 2454 2508 2510 rumque
2540 2438 2817 2505 exercitu,
2853 2437 3231 2509 depopulans
3260 2442 3471 2491 cuncta
3520 2436 3764 2505 aggredi

2256 2528 2435 2583 urbes
2469 2543 2627 2592 suas,
2663 2530 2719 2580 et
2750 2526 2797 2580 si
2828 2527 2973 2581 forte
3005 2526 3224 2597 ceperit
3239 2542 3361 2592 eas,
3383 2528 3742 2580 Francorum

2254 2615 2745 2685 gundionumque
2775 2615 2993 2669 tenebit
3020 2631 3261 2669 securus
3299 2628 3501 2682 regna.
3533 2612 3764 2667 Pruden

2259 2703 2817 2775 congruensiusque
2837 2708 2922 2757 est
2944 2720 3079 2758 cum
3102 2703 3241 2758 dolo
3263 2702 3632 2774 aliquatenus
3652 2717 3764 2755 eur

2256 2810 2415 2866 pere,
2440 2808 2623 2864 quam
2650 2792 3063 2846 monarehiam
3093 2792 3222 2861 ejus
3251 2791 3579 2856 devastare,
3601 2789 3759 2844 urbe

2259 2882 2531 2938 obsidere
2559 2899 2572 2947 ;
2604 2881 2746 2951 quia
2777 2880 2921 2934 nihil
2949 2880 3331 2952 proﬁciemus
3361 2879 3420 2933 in
3446 2879 3558 2933 hac
3587 2893 3764 2949 expet

2258 2988 2352 3026 ne.
2387 2969 2834 3025 Animadvertet
2854 2969 3010 3023 enim
3034 2968 3411 3040 propositum
3439 2966 3764 3021 voluntatis

2187 3093 2227 3147 Ο
2259 3066 2359 3117 trae
2388 3061 2593 3130 sicque
2624 3058 2854 3113 cautius
2884 3058 3143 3113 tuebitur
3173 3073 3252 3112 se.
3286 3059 3521 3121 Verum,
3571 3054 3745 3110 mitte

2261 3156 2387 3206 tum
2421 3150 2497 3203 ad
2520 3151 2882 3203 Brumonem
2924 3147 3337 3203 Coloniensem
3395 3144 3764 3215 archiepiscc

2262 3239 2502 3294 fratrem
2532 3242 2722 3303 tuum,
2748 3237 3192 3291 Lothariensem
3227 3234 3445 3289 scilicet
3470 3233 3696 3288 ducem
3729 3250 3764 3305 1:

2261 3344 2472 3400 puum,
2496 3332 2561 3380 ut
2581 3325 2778 3380 veniat
2807 3324 2883 3379 ad
2916 3330 2970 3379 te
2996 3329 3240 3397 propter
3278 3322 3461 3391 hujus
3491 3320 3723 3376 erroris
3757 3338 3764 3376 i

2264 3417 2433 3483 tium,
2467 3414 2841 3486 decipiatque
2874 3414 3125 3483 alicujus
3163 3411 3502 3468 calliditatis
3552 3411 3764 3483 scphis

2268 3504 2624 3560 Richardum
2653 3508 2829 3559 tantae
2861 3502 3130 3558 elationis
3186 3501 3442 3556 virum.»
3505 3499 3677 3554 Illico
3736 3515 3764 3553 r

2264 3594 2443 3649 mittit
2472 3594 2547 3649 ad
2577 3597 2932 3663 Brunonem,
2966 3598 3021 3647 et
3050 3606 3294 3647 omnem
3322 3590 3513 3660 hujus
3558 3589 3764 3659 decep

2268 3683 2578 3738 mandavit
2604 3682 3037 3737 seriem.Bruno
3059 3695 3203 3735 vero
3229 3679 3397 3751 petiit
3415 3677 3757 3734 Franciam

2264 3772 2627 3843 veniensque
2644 3770 3131 3826 Virmandensem
3150 3783 3399 3840 pagum,
3413 3765 3587 3821 misit
3606 3781 3764 3837 que)

2267 3859 2619 3931 episcopum
2649 3859 2752 3930 qui
2782 3858 3003 3913 diceret
3027 3856 3320 3912 Richardo
3345 3854 3410 3909 in
3449 3853 3604 3909 dolo
3642 3871 3657 3909 :
3692 3876 3721 3901 ‹‹
3761 3855 3764 3861 “

2270 3947 2633 4004 Coloniensis
2663 3945 3067 4019 archipraasul,
3097 3944 3232 3999 licet
3262 3942 3587 4013 indignus,
3653 3941 3764 3996 tibi

2267 4036 2413 4090 lium
2436 4034 2776 4090 orationum
2807 4050 3048 4089 munus.
3083 4031 3378 4098 Quoniam
3429 4029 3711 4103 quidem

2273 4122 2473 4178 senior
2490 4121 2642 4178 bene
2686 4122 2843 4177 norit
2893 4121 3056 4193 quod
3103 4118 3496 4189 evangelicus
3556 4133 3764 4171 sermc

2268 4211 2457 4267 rendo
2482 4211 2640 4279 dicit;
2675 4212 2850 4267 Beati
2868 4211 3132 4280 paciﬁci,
3164 4209 3455 4279 quoniam
3481 4208 3618 4277 ﬁlii
3648 4207 3764 4261 Dei

2273 4301 2516 4356 buntur.
2549 4300 2770 4355 Idcirco
2801 4299 3017 4354 obnixe
3044 4302 3321 4370 precatur
3350 4301 3416 4351 ut
3478 4294 3721 4350 venias

2273 4406 2410 4445 eum
2444 4389 2825 4444 Ambianensi
2856 4404 3014 4461 pago
3045 4386 3329 4441 velocius.
3364 4384 3645 4440 Audivit
3677 4399 3764 4438 en

2272 4495 2437 4534 rores
2457 4479 2890 4547 insurgentium
2919 4478 2979 4532 in
3004 4482 3056 4531 te
3078 4477 3363 4541 rixarum,
3416 4478 3710 4545 vultque
3758 4492 3764 4523 ε

2277 4567 2478 4622 animo
2505 4566 2583 4621 ob
2610 4582 2876 4620 amorem
2910 4570 3080 4620 tuum
3120 4564 3328 4619 sedare
3388 4568 3700 4617 tumores
3759 4585 3764 4607 ι

519 4667 632 4706 res.
663 4674 691 4701 »
733 4653 955 4710 Harum
1009 4655 1235 4728 quippe
1289 4653 1591 4709 fallacium
1650 4652 1978 4724 ambagum
2025 4655 2168 4710 ollo-
2199 4651 2244 4703 D
2273 4660 2346 4713 Te
2374 4661 2429 4711 et
2458 4671 2659 4726 regem
2691 4659 2971 4727 nepotem
2995 4670 3175 4708 suum
3223 4650 3663 4707 inextricabili
3716 4665 3764 4703 cl

520 4740 663 4812 quio
693 4742 916 4810 audito,
950 4743 1261 4800 subintulit
1283 4741 1567 4798 Tetboldo
1622 4742 1831 4811 regina
1885 4744 2060 4799 tristis
2113 4748 2171 4800 et

522 4835 864 4886 commota:
900 4849 931 4884 ‹
961 4834 1044 4887 Tu
1074 4830 1263 4887 nostri
1294 4829 1501 4885 secreti
1556 4830 1848 4897 conscius,
1905 4832 2172 4887 secretio-

520 4917 720 4989 risque
767 4919 998 4975 consilii
1046 4919 1205 4974 ﬁdus
1254 4918 1603 4974 secretarius
1656 4924 1714 4974 et
1759 4920 2168 4989 consiliarius;

524 5006 603 5063 da
629 5009 804 5065 nobis
830 5008 1145 5065 consilium
1191 5023 1373 5080 super
1406 5008 1500 5063 his
1557 5009 1755 5065 rebus.
1812 5010 2033 5066 Nullius
2081 5012 2173 5081 ju-

525 5097 784 5152 vaminis
811 5097 1023 5153 virtute
1041 5096 1286 5168 suﬁ'ulti,
1309 5097 1421 5152 nisi
1452 5098 1570 5170 Dei,
1594 5114 1910 5171 precamur
1940 5105 2003 5155 ut
2050 5117 2174 5155 mo-

522 5187 618 5240 tus
638 5185 856 5257 pietate
888 5184 949 5239 in
1006 5185 1122 5240 hoc
1174 5188 1435 5255 negotio,
1489 5187 1807 5244 clementer
1858 5206 2172 5246 succurras

523 5272 724 5328 nobis.
752 5275 1109 5327 Aversamur
1134 5272 1375 5349 indiquc
1407 5293 1598 5350 secus,
1627 5282 1684 5334 et
1699 5278 2171 5352 comprimimur,

522 5363 582 5417 et
609 5372 915 5428 nusquam
944 5362 1069 5416 tuta
1096 5360 1243 5417 ﬁdes
1272 5367 1580 5438 reperitur.
1618 5388 1645 5417 ››
1676 5366 1993 5422 Tetboldus
2034 5383 2174 5422 vero

524 5459 732 5500 comes
765 5444 1008 5516 cupiens
1041 5451 1283 5520 perdere
1333 5454 1471 5511 dolo
1521 5457 1757 5527 penitus
1814 5454 2175 5511 Richardum

522 5531 1043 5673 tantaenprobitatis
1066 5540 1399 5623 patricium,
1435 5544 1748 5607 subintulit
1796 5543 2014 5619 reginae
2062 5544 2177 5599 hoc

522 5635 695 5673 001181
742 5634 866 5673 um.

521 5634 866 5681 consulum.

2274 4746 2360 4801 bit
2380 4744 2621 4810 foedere,
2650 4748 2704 4799 te
2736 4747 2793 4798 et
2834 4741 3219 4811 Tetboldum,
3271 4746 3694 4811 caeterosque
3752 4754 3764 4792 1

2272 4834 2362 4890 los
2388 4832 2729 4906 paciﬁcabit
2767 4832 3015 4903 dempta
3039 4830 3322 4903 pestifera
3351 4828 3745 4884 voluntate.

2276 4938 2461 4993 regna
2491 4920 2724 4993 nepotis
2752 4920 2995 4975 ditionis
3020 4924 3197 4974 rectae
3247 4917 3447 4973 ambit
3503 4916 3667 4986 lege
3731 4931 3764 4970 c

2276 5018 2331 5069 et
2361 5025 2655 5077 serenare,
2687 5025 2983 5081 omneque
3012 5008 3277 5080 jurgium
3311 5007 3716 5079 discerpere
3760 4995 3764 5001 ’

2280 5100 2512 5156 culcare
2562 5098 2871 5154 Desiderat
2922 5098 3082 5153 enim
3132 5112 3345 5152 omnes
3407 5098 3764 5150 connecte

2279 5187 2425 5245 litati
2456 5187 2547 5242 sui
2586 5187 2841 5259 nepotis,
2887 5187 3090 5257 sicque
3147 5184 3369 5239 sedatis
3442 5182 3764 5238 rixarum

2280 5277 2479 5344 nibus,
2510 5279 2807 5348 pactaque
2829 5275 2907 5330 ab
2940 5273 3225 5330 omnibus
3256 5288 3437 5345 pace,
3477 5270 3583 5326 ad
3646 5287 3764 5325 su:

2284 5366 2583 5421 di.»Tunc
2634 5364 2961 5421 Richardus
3014 5362 3282 5418 marchio
3329 5359 3764 5430 benignissii

2285 5454 2511 5510 dolosis
2542 5453 2821 5509 affatibus
2853 5452 3163 5523 deceptus,
3198 5450 3377 5521 cmpit
3411 5451 3515 5503 ire
3593 5454 3764 5503 coni

2284 5558 2505 5598 nonem
2540 5558 2676 5597 cum
2699 5542 2819 5596 suis
2846 5540 3143 5595 ﬁdelibus.
3193 5541 3485 5609 Cumque
3556 5536 3763 5592 ades

2289 5630 2973 5701 Belvacensi,Brunoque
2992 5626 3409 5691 Amblanensi,
3428 5625 3555 5680 dae
3578 5641 3747 5696 qua

2290 5722 2501 5774 natum
2525 5723 2651 5774 erat
2678 5734 2781 5774 eos
2806 5716 2983 5773 simul
3010 5714 3289 5789 colloqui,
3317 5717 3690 5771 venerunt
