3878 6386
20 282 23 287 ‘
87 270 190 323 729

572 271 659 323 DE
700 269 947 325 GESTIS
987 268 1422 326 NORMANNIE
1462 269 1709 326 DUCUM
1748 268 1929 323 LIBRI
1966 270 2160 325 TRES.
2204 302 2271 310 —
2312 270 2438 326 LIB.
2482 273 2552 326 Ill
2589 269 3011 326 RICHARDUS.

3388 278 3494 331 730

80 390 201 444 duo
251 387 617 445 Telboldidaa
662 392 923 448 dicentes
970 393 1173 448 divino
1225 378 1375 449 nutu
1418 392 1724 465 inspirati:
1756 396 1803 446 A
1842 390 2177 458 Tctboldus,
2209 394 2521 465 caeterique
2551 392 2803 448 factores
2828 392 2961 447 talis
3000 393 3227 449 consilii
3257 399 3313 450 et
3341 396 3495 452 calli-

12 504 15 539 ι
82 500 107 526 ‹‹
142 477 297 543 Tibi,
326 478 468 543 dux,
495 481 774 535 secretius
805 482 912 537 fari
938 482 1285 537 volumus.»
1320 483 1608 537 Richardo
1640 498 1730 535 se-

12 606 15 627 ,
80 567 346 635 cedente,
379 568 704 625 intulerunt
730 570 809 624 illi
840 588 852 624 ε
888 594 913 617 ‹‹
940 572 1199 641 Majusne
1228 572 1350 627 fore
1381 572 1505 625 dux
1527 571 1732 626 North-

79 672 466 723 mannorum,
516 675 702 730 quam
757 664 921 715 extra
964 661 1270 727 regionem
1325 666 1491 716 tuam
1533 665 1736 732 pastor

80 747 284 801 ovium
332 751 388 801 et
437 751 837 820 caprarum?»
898 750 1189 805 Richardo
1238 767 1378 805 vero
1431 750 1642 805 comite
1673 749 1732 803 in

80 852 200 890 uno
228 836 441 891 obtutu
470 836 689 903 deﬁxo,
724 843 779 893 et
810 839 1156 894 mirabiliter
1186 841 1463 904 merente,
1492 839 1733 893 nullius-

78 942 194 998 que
225 926 630 998 responsionis
657 928 905 982 verbum
928 928 1039 983 illis
1069 930 1267 993 dante,
1291 930 1370 983 illi
1400 928 1733 984 admodum

81 1020 382 1086 stupuere.
420 1015 582 1071 lllata
623 1033 762 1071 vero
806 1018 1133 1089 propositio
1180 1018 1325 1090 quid
1376 1018 1738 1086 significaret

79 1109 395 1169 scrutatus,
455 1104 727 1177 infraque
782 1107 1169 1178 semetipsum
1218 1108 1389 1179 quasi
1440 1110 1729 1178 receptus,

78 1192 223 1247 dixit
248 1192 359 1247 illis
390 1194 655 1249 duobus:
686 1218 712 1245 α
740 1195 923 1259 Unde,
948 1196 1040 1249 vel
1066 1197 1237 1265 cujus
1268 1196 1471 1250 fideles
1503 1195 1731 1249 estis?»

79 1282 571 1353 Responderunt:
630 1284 837 1348 «Quid
892 1284 993 1339 tibi
1026 1285 1245 1354 cujus?
1299 1289 1498 1339 \‘onne
1546 1283 1729 1338 tui?»

76 1370 406 1425 Richardus
458 1371 941 1427 animadvertens
996 1389 1098 1427 eos
1146 1390 1285 1427 suos
1334 1372 1538 1426 fideles
1580 1387 1727 1439 esse,

78 1476 299 1531 eosque
329 1460 632 1532 propalari
663 1462 834 1531 cujus
869 1466 1063 1517 essent
1092 1462 1267 1529 nolle,
1298 1466 1491 1531 grates
1523 1477 1728 1529 agens,

76 1554 129 1603 et
160 1549 293 1604 vale
324 1550 549 1615 dicens,
582 1551 898 1606 honoravit
931 1553 1211 1607 secretius
1255 1552 1382 1606 illos
1408 1552 1726 1623 praecipue.

80 1640 187 1693 Uni
220 1656 362 1695 vero
403 1656 611 1695 ensem
652 1658 723 1696 ex
754 1658 901 1697 auro
931 1647 1189 1713 quatuor
1214 1642 1500 1696 librarum
1532 1641 1589 1695 in
1632 1657 1730 1695 ca-

76 1726 214 1797 pulo
249 1726 564 1796 fulgidum,
599 1728 761 1783 alteri
791 1746 929 1783 vero
959 1730 1122 1785 dedit
1160 1730 1452 1785 armillam
1486 1729 1729 1784 totidem
1764 1754 1800 1806 Β

74 1815 239 1870 libris
272 1816 576 1888 purissimi
606 1818 733 1872 auri
780 1818 1153 1873 fabricatam.
1192 1819 1303 1873 lllis
1347 1835 1608 1890 namque
1648 1834 1734 1872 re-

81 1904 451 1975 cedentibus,
483 1922 617 1977 quie
644 1907 966 1962 retulerunt
992 1908 1286 1963 intimavit
1319 1908 1441 1962 suis
1473 1908 1728 1979 optima-

72 1993 243 2048 tibus.
268 1997 428 2048 Tunc
450 1994 531 2048 illi
553 2000 801 2050 retracta
834 2000 890 2050 et
920 1996 1299 2067 interpretata
1326 1996 1729 2068 propositione

72 2086 243 2137 tantae
276 2082 629 2137 invectionis
679 2088 735 2138 et
781 2086 1267 2156 comparationis,
1301 2091 1624 2155 coegerunt
1662 2085 1728 2139 il-

69 2169 191 2225 lum
244 2170 439 2225 redire
498 2172 723 2227 moenia
774 2173 1275 2241 Rothomagensis
1335 2175 1518 2239 urbis,
1574 2176 1730 2241 lega-

70 2264 318 2332 tumque
347 2260 577 2315 mittere
622 2261 699 2315 ad
734 2263 1095 2326 Brunonem,
1129 2263 1232 2334 qui
1262 2279 1322 2317 se
1370 2278 1491 2317 non
1524 2269 1729 2317 ventu-

73 2364 201 2403 rum
250 2349 331 2405 ad
377 2350 663 2421 placitum
706 2352 1005 2406 nuntiaret
1044 2352 1143 2407 illi.
1181 2354 1398 2414 Legato
1426 2368 1567 2406 vero
1598 2355 1733 2405 Bru-

74 2440 213 2494 noni
251 2439 708 2511 archiepiscopo
755 2440 1065 2496 nuntiante
1114 2441 1470 2497 Richardum
1504 2442 1579 2496 ad
1610 2441 1733 2512 pla-

76 2527 252 2581 citum
307 2542 428 2581 non
477 2533 795 2583 venturum
839 2545 989 2595 esse,
1047 2530 1290 2601 stupuit,
1341 2533 1729 2600 autumatque

76 2620 249 2671 tantm
272 2616 641 2688 deceptionis
668 2618 986 2672 consilium
1009 2618 1175 2672 illum
1204 2619 1727 2683 animadvertisse;

76 2704 339 2777 dixitque
388 2704 614 2774 legato:
672 2706 881 2760 «Vade
932 2706 1124 2773 citius,
1171 2706 1385 2778 dieque
1433 2705 1728 2761 Richardo

78 2808 300 2861 magno
332 2792 470 2847 duci
522 2797 586 2847 ut
634 2793 830 2848 saltim
880 2794 1077 2847 veniat
1120 2810 1301 2865 super
1338 2797 1491 2865 Eptaa
1525 2793 1731 2847 ﬂuvio-

75 2882 216 2948 lum,
249 2882 304 2937 si
344 2883 613 2954 requiem
644 2888 929 2955 pacisque
976 2884 1407 2939 incrementum
1442 2884 1603 2955 cupit
1630 2884 1732 2938 ha-

74 2970 209 3027 bere
241 2986 493 3026 suorum
536 2970 937 3040 inimicorum,
970 2976 1025 3027 et
1056 2987 1167 3041 ego
1197 2987 1308 3036 pro
1356 2972 1485 3042 ejus
1526 2987 1730 3027 amore

1841 480 2035 534 ditatis
2064 481 2495 554 vituperantur.
2528 480 2860 537 Richardus
2884 498 3024 536 vero
3050 483 3174 537 dux
3205 485 3497 540 sanctissi-

1842 585 2002 633 mus,
2030 574 2205 624 tantze
2238 571 2603 642 deceptionis
2650 576 2706 625 et
2736 570 3067 625 calliditatis
3098 571 3327 627 insidiis
3367 590 3497 629 eru-

1841 662 1956 728 tus,
1974 659 2262 715 referebat
2287 660 2551 731 quotidie
2583 664 2777 729 grates
2803 660 2939 729 Regi
2959 676 3171 731 regum
3200 662 3494 732 devotius,

1842 746 1949 817 qui
1976 748 2125 801 eruit
2164 764 2301 802 eum
2344 748 2417 803 de
2467 748 2730 820 periculo
2778 748 2983 804 mortis
3036 753 3090 804 et
3142 750 3497 822 captivitatis

1842 836 2152 906 propitius.
2192 839 2322 890 Erat
2352 836 2548 909 itaque
2600 836 2826 893 Christo
2878 836 3125 892 Domino
3169 854 3405 910 semper
3433 840 3496 894 in

1842 924 2125 979 omnibus
2149 926 2431 997 operibus
2458 926 2785 996 subjectus,
2804 926 3118 981 devotione
3145 932 3201 983 et
3221 944 3498 984 mansue-

1842 1014 2044 1069 tudine
2077 1015 2359 1069 omnibus
2386 1015 2607 1070 viribus
2638 1020 2923 1071 armatus.
2958 1017 3212 1073 Moribus
3243 1022 3298 1073 et
3325 1018 3497 1074 meri-

1843 1101 1914 1156 tis
1940 1104 2301 1175 przecipuus,
2332 1110 2727 1159 sacrosancta:
2780 1105 3047 1160 Ecclesiae
3080 1106 3497 1162 Northmanni—

1842 1208 1925 1246 cae
1956 1192 2347 1247 advocatione
2378 1194 2615 1263 dignus,
2658 1194 2773 1249 fide
2818 1194 3219 1266 plenissimus,
3254 1212 3358 1267 spe
3400 1212 3496 1251 ro-

1840 1281 2245 1349 bustissimus,
2279 1284 2564 1338 charitate
2600 1283 2994 1351 largissimus.
3049 1284 3346 1339 Obediens
3397 1285 3497 1340 Dei

1839 1377 2169 1443 praeceptis,
2196 1372 2474 1427 credulus
2504 1373 2562 1427 in
2586 1373 2801 1427 divinis
2830 1372 3495 1444 promissis.AfIluentia

1839 1475 2037 1514 rerum
2084 1460 2537 1533 bonitatumque
2568 1462 2855 1533 locuples,
2889 1462 3095 1516 divino
3127 1462 3290 1517 cultu
3321 1479 3494 1517 mun-

1840 1548 2099 1621 dialique
2122 1552 2325 1604 solers.
2350 1550 2559 1605 Docilis
2584 1551 2638 1604 in
2669 1566 2867 1623 opere,
2886 1550 3247 1618 longanimis
3269 1550 3329 1604 in
3354 1566 3488 1621 spe;

1842 1638 2077 1708 sapiens
2104 1638 2161 1692 in
2191 1638 2509 1711 colloquio,
2542 1640 2806 1710 prudens
2831 1639 2891 1693 in
2919 1638 3181 1693 consilio.
3217 1643 3279 1693 ln
3313 1639 3493 1694 corri-

1842 1727 2037 1791 gendo
2068 1732 2348 1782 constans
2397 1733 2451 1782 et
2500 1729 2837 1793 vehemens,
2869 1730 2929 1782 in
2957 1727 3268 1782 dilectione
3310 1728 3409 1782 Dei
3437 1732 3495 1782 et

1840 1815 2095 1886 proximi
2126 1817 2363 1871 ardens.
2399 1817 2626 1871 Patiens
2658 1816 2716 1871 in
2749 1817 3035 1880 adversm,
3062 1816 3227 1870 fortis
3251 1816 3311 1870 in
3341 1816 3494 1888 peri-

1839 1904 2004 1958 culis.
2040 1908 2100 1958 ln
2132 1904 2357 1959 divinis
2400 1905 2905 1976 saecularibusque
2948 1904 3276 1976 disciplinis
3314 1921 3495 1960 man-

1839 1998 2039 2048 suetus
2069 1993 2128 2048 in
2159 1994 2553 2065 eleemosynis
2583 1994 2976 2063 largissimus.

1909 2082 2199 2137 Assiduus
2227 2084 2286 2137 in
2318 2084 2528 2139 studiis
2570 2084 2748 2139 bonae
2792 2082 3171 2155 operationis,
3208 2082 3493 2137 sollicitus

1837 2177 2000 2226 meta
2030 2173 2254 2226 mortis.
2294 2173 2553 2227 Eximius
2608 2173 2665 2227 in
2718 2178 2928 2228 timore
2973 2172 3092 2235 Dei,
3135 2170 3492 2241 magnificus

1837 2260 2045 2315 ordine
2090 2262 2418 2333 habituque
2467 2261 2680 2317 laicali.
2720 2266 2778 2315 In
2809 2261 3105 2333 exsequiis
3144 2265 3495 2315 cunctorum

1836 2348 2279 2414 devotissimus,
2332 2350 2392 2404 in
2445 2349 2853 2404 misericordia
2908 2355 2965 2404 et
3019 2348 3233 2421 pietate
3286 2347 3498 2416 glorio-

1838 2454 1958 2491 sus.
2044 2438 2397 2492 Praecellenti
2486 2439 2725 2507 ingenio
2808 2438 3113 2509 praeditus,
3188 2438 3248 2491 in
3332 2436 3498 2492 omni

1836 2542 2015 2597 opere
2070 2534 2363 2582 strenuus.
2416 2527 2645 2582 Judicio
2694 2528 3041 2598 justitiaque
3107 2526 3375 2596 insignis,
3433 2525 3495 2581 in

1835 2631 1968 2670 reos
1996 2615 2295 2669 severitate
2329 2615 2618 2681 terribilis,
2651 2615 2710 2669 in
2764 2616 2987 2686 probos
3037 2614 3273 2669 leuitate
3312 2613 3491 2668 mitis.

1838 2702 1927 2755 Ad
1951 2702 2202 2770 gratiam
2225 2702 2569 2756 meritorum
2593 2708 2926 2774 promptus,
2947 2702 3025 2757 ad
3052 2700 3494 2771 ignoscendum

1836 2790 2235 2845 offensoribus
2288 2796 2552 2861 paratus.
2606 2790 2958 2845 Humilitatis
3003 2789 3290 2859 gradibus
3335 2806 3495 2843 sum-

1838 2896 1992 2949 mus,
2026 2878 2085 2933 in
2126 2880 2289 2934 omni
2334 2879 2749 2951 hospitalitatis
2804 2878 3098 2934 famulatu
3131 2878 3490 2950 praecipuus.

1838 2968 1999 3022 Altor
2046 2969 2505 3033 monachorum,
2550 2967 3121 3038 canonicorumque,
3154 2971 3332 3038 atque
3372 2981 3498 3035 gre-

75 3060 422 3131 proﬁciscar
474 3058 610 3115 illuc
655 3060 953 3115 solaturus
1002 3076 1208 3115 eum.)
1252 3064 1412 3116 Tunc
1459 3060 1726 3129 legatus:
1770 3105 1810 3160 Ο
1841 3072 1983 3125 gum
2038 3057 2309 3128 piisimus
2361 3056 2688 3111 advocatus
2742 3072 2988 3111 suorum
3046 3055 3354 3127 providus.
3411 3053 3501 3108 Di-

76 3153 246 3205 «Non
277 3153 521 3221 propter
542 3164 659 3217 me,
681 3163 790 3205 nec
821 3154 1065 3221 propter
1091 3166 1462 3223 quemquam
1492 3155 1731 3205 tuorum

77 3236 151 3292 ad
205 3253 477 3311 praesens
525 3237 753 3293 venerit
801 3245 1009 3294 contra
1086 3244 1140 3294 te
1217 3240 1294 3295 ad
1372 3239 1730 3312 placitum.»

78 3328 260 3397 Hujus
328 3327 507 3397 igitur
571 3327 982 3398 responsionis
1048 3328 1379 3393 obstaculo,
1434 3334 1733 3399 tantaeque

76 3416 407 3472 traditionis
441 3415 580 3471 dolo
613 3416 849 3487 penitus
878 3416 1129 3481 detecto,
1164 3418 1471 3473 revertitur
1500 3419 1576 3473 ad
1625 3434 1734 3473 sua

76 3504 450 3561 verecundus
482 3507 694 3559 Bruno.

708 3646 1089 3687 APOSTROPHA.

432 3731 744 3787 Moliuntur
774 3749 908 3787 ecce
941 3734 1161 3804 plures,

431 3823 473 3877 Ο
508 3822 800 3876 Richarde
832 3821 1110 3891 benigne,

431 3910 680 3982 Duxque
711 3910 1115 3983 patriciusque
1149 3928 1431 3982 magnus,

432 3999 669 4055 Cunctis
700 4004 755 4053 et
785 4015 986 4055 comes
1014 3999 1231 4055 almus.

433 4087 571 4157 Subj
586 4103 764 4157 ugare
797 4092 851 4142 te
878 4092 1147 4158 potenter

430 4176 604 4232 Vafra
646 4176 986 4245 calliditate,

434 4269 498 4320 Et
526 4270 805 4322 retractat
831 4266 1090 4338 quisque
1121 4265 1282 4334 dolo,

434 4357 561 4420 Quo
585 4360 636 4411 te
667 4356 877 4427 perdat
906 4356 1128 4428 inique.

434 4448 675 4516 Propter
704 4446 817 4500 hoc
850 4445 1019 4500 stude
1050 4444 1312 4499 valenter

435 4536 621 4598 Certa,
654 4550 904 4605 speque,
930 4535 1167 4606 fideque

436 4622 663 4677 Enitere
692 4623 744 4676 vi
777 4623 1056 4688 micante,

435 4710 643 4765 Meritis
676 4712 1070 4782 mercedeque
1100 4712 1278 4781 justa,

437 4801 563 4864 Quo
596 4815 783 4870 queas
813 4800 1011 4867 vigere
1041 4816 1276 4872 semper

439 4889 643 4945 Solerti
674 4889 988 4960 probitate,

437 4979 609 5035 Callis
640 4983 696 5033 et
715 4978 857 5048 justi
886 4982 1081 5033 tenere

438 5068 697 5135 Libram,
729 5073 957 5123 rectum
993 5068 1301 5140 itinerque.

440 5159 666 5213 Frueris
697 5162 851 5213 sorte
884 5157 1005 5226 tali,

437 5250 565 5313 Quo
598 5264 913 5320 nunquam
948 5247 1200 5319 capieris
1226 5265 1237 5301 :

438 5338 552 5393 Sed
583 5337 805 5407 vigebis
837 5337 1178 5393 seculorum

434 5427 569 5480 Jam
604 5442 709 5498 per
736 5425 955 5481 saecula
985 5430 1219 5482 cuncta.

144 5553 317 5605 Tunc
349 5564 455 5620 per
487 5556 669 5606 totam
698 5552 923 5623 quippe
953 5552 1281 5622 Franciam,
1308 5549 1739 5617 Burgundiam-

73 5658 190 5713 que
222 5645 280 5695 et
310 5642 524 5695 caetera
555 5656 760 5709 regna,
794 5657 1001 5695 rumor
1029 5647 1203 5697 tantae
1236 5640 1583 5707 traditionis,
1615 5644 1738 5694 tan-

75 5730 239 5802 tique
290 5726 414 5783 doli
458 5730 811 5801 propalatur
863 5734 919 5785 et
966 5731 1045 5786 ab
1099 5730 1386 5788 universis
1439 5730 1637 5783 Bruno
1682 5732 1740 5784 et

1841 3152 2152 3218 spensator
2197 3145 2504 3199 commissi
2551 3144 2752 3200 talenti
2798 3143 3008 3210 fidelis,
3050 3143 3391 3198 moderator
3426 3141 3500 3197 ri-

1840 3254 2054 3292 xarum
2085 3237 2351 3305 insignis.
2392 3236 2675 3291 Delictum
2730 3236 3042 3307 proprium
3087 3250 3330 3303 canens,
3363 3233 3503 3287 alte-

1840 3326 1963 3380 rius
1995 3326 2271 3380 severiter
2302 3318 2579 3395 puniens.
2615 3324 2850 3378 Plebem
2900 3329 2963 3377 ut
3001 3328 3169 3394 pater
3217 3321 3371 3376 filios
3410 3321 3498 3375 fo-

1840 3430 2007 3480 vens,
2034 3414 2239 3468 Christi
2268 3417 2567 3483 praecepta
2598 3411 2845 3465 fideliter
2876 3410 3233 3481 adimplens.
3260 3412 3501 3480 Propter

1840 3518 1948 3555 vos
1977 3501 2275 3555 interdum
2322 3500 2524 3565 armis,
2558 3499 2859 3553 interdum
2898 3497 3183 3569 patientia
3210 3498 3457 3551 vincens
3484 3514 3499 3563 ;

1839 3606 2110 3661 paganos
2136 3591 2283 3659 jugo
2316 3589 2526 3644 Christi
2565 3587 2679 3641 levi
2718 3591 2774 3641 et
2820 3586 3179 3640 suavissimo
3209 3584 3496 3639 subdens.

1842 3678 2123 3734 Defensor
2160 3678 2365 3748 patria:
2412 3675 2883 3743 robustissimus,
2919 3673 3256 3744 solatorque
3286 3670 3499 3727 vidua-

1839 3782 1974 3822 rum
2027 3766 2454 3821 sanctissimus.
2507 3763 2793 3828 Prudens,
2822 3761 3266 3833 magnanimus,
3300 3762 3500 3815 bonus

1841 3862 1897 3911 et
1959 3855 2287 3923 modestus,
2342 3853 2600 3921 augebat
2645 3852 2904 3925 populos
2963 3852 3191 3906 statutis
3244 3848 3498 3919 legibus.

1842 3943 2188 3999 Praecellens
2218 3948 2388 4014 pater
2417 3941 2635 3997 exsulis
2686 3946 2744 3996 et
2783 3940 3029 4009 egentis,
3057 3938 3502 4012 incomparabi-

1842 4035 2031 4106 lisque
2064 4033 2285 4089 solator
2315 4032 2571 4104 orphani
2616 4036 2672 4087 et
2701 4031 2933 4103 pupilli,
2960 4030 3194 4100 largum
3227 4027 3505 4101 pauperi-

1842 4125 1956 4180 bus
1986 4124 2187 4178 cibum
2233 4122 2627 4185 ministrabat,
2660 4121 3167 4192 ecclesiarumque
3216 4118 3505 4173 assiduus

1843 4217 2151 4285 reparator
2230 4211 2539 4266 renitebat.
2612 4213 2823 4267 Sacros
2901 4210 3139 4264 ordines
3206 4205 3504 4276 graduum

1844 4301 2240 4356 Ecclesiarum
2309 4300 2557 4355 miriﬁco
2619 4316 2741 4370 prae
2797 4298 3079 4353 omnibus
3143 4293 3501 4360 honorabat,

1844 4395 2022 4462 atque
2091 4390 2423 4444 monastica
2477 4404 2733 4460 qureque
2799 4386 3153 4443 adornabat.
3209 4386 3503 4449 Attentus,

1844 4478 2171 4534 benevolus
2227 4482 2283 4531 et
2340 4476 2547 4531 docilis
2627 4477 2686 4530 in
2739 4475 2902 4529 omni
2962 4490 3139 4545 opere
3194 4470 3501 4537 existebat,

1846 4567 2375 4636 accusantiumque
2449 4570 2505 4620 et
2562 4570 2982 4619 accusatorum
3055 4559 3271 4632 aequali
3335 4558 3504 4613 lance

1846 4656 2120 4729 querelas
2153 4655 2475 4710 discutiens
2507 4652 2851 4708 trutinabat.
2878 4655 3003 4706 Non
3033 4665 3323 4721 personas
3352 4663 3506 4719 pau-

1846 4763 2057 4819 perum
2112 4745 2205 4800 vel
2260 4743 2594 4817 potentium
2652 4742 2712 4796 in
2764 4740 2990 4811 judicio
3039 4739 3160 4795 ullo
3205 4738 3363 4793 cultu
3415 4754 3506 4793 re-

1846 4835 2121 4891 verentite
2166 4833 2544 4906 respiciebat;
2594 4847 2800 4886 verum
2849 4827 3324 4901 expugnantium
3363 4842 3510 4898 que-

1846 4924 2154 4992 rimonias,
2209 4923 2453 4995 dempta
2531 4919 2896 4992 scrupulosaa
2951 4918 3033 4973 rei
3093 4916 3503 4986 ambiguitate,

1847 5030 2183 5080 recensens,
2234 5010 2625 5081 dijudicabat.
2697 5008 2901 5064 Meritis
2985 5012 3041 5061 et
3118 5005 3283 5060 factis
3360 5020 3509 5076 prte-

1846 5102 2095 5156 cellebat
2126 5102 2182 5155 in
2214 5100 2379 5155 omni
2408 5098 2648 5166 negotio
2683 5099 2929 5159 cunctis,
2955 5099 3198 5165 eratque
3222 5093 3507 5147 omnibus

1846 5191 2134 5246 mirabilis
2164 5192 2439 5261 respectu
2474 5188 2748 5243 bonitatis
2776 5190 2832 5241 et
2863 5186 3130 5240 honoris.
3176 5183 3510 5254 Floccipen-

1847 5281 2024 5335 debat
2057 5283 2404 5349 arrogantes
2433 5282 2487 5332 et
2513 5276 2845 5348 improbos,
2880 5275 3169 5347 puniebat
3193 5278 3508 5329 contuma-

1847 5387 1944 5425 ces
1974 5375 2029 5423 et
2058 5385 2208 5433 reos,
2242 5367 2543 5422 exaltabat
2590 5365 2844 5420 humiles
2889 5370 2945 5418 et
2986 5362 3331 5431 benevolos,
3364 5378 3509 5418 con-

1848 5459 2119 5515 culcabat
2150 5462 2417 5529 raptores
2448 5461 2504 5509 et
2552 5455 2829 5524 injustos.
2864 5454 3103 5509 'l‘irones
3136 5469 3258 5507 sure
3289 5451 3509 5507 domus

1846 5548 2107 5622 prtemiis
2152 5552 2206 5601 et
2251 5544 2601 5600 muneribus
2656 5544 2731 5597 ad
2783 5543 3164 5597 serviendum
3202 5541 3507 5610 incitabat,

1848 5640 2105 5709 majores
2134 5641 2275 5691 natu
2320 5634 2618 5689 beneficiis
2651 5632 2963 5689 afﬂuenter
2994 5633 3244 5687 ditabat.
3281 5630 3378 5684 Vix
3409 5646 3510 5685 ne-

1847 5745 1948 5784 mo
1978 5726 2240 5783 audebat
2267 5724 2329 5779 in
2357 5738 2543 5793 regno
2565 5739 2674 5779 suo
2697 5723 3114 5795 przejudicium
3138 5720 3351 5787 facere,
3375 5718 3509 5773 nul-
