3878 6380
500 242 597 295 784

1458 256 1761 313 DUDONIS
1800 260 2056 314 DECANI
2095 257 2153 313 8.
2193 256 2511 321 QUINTINI
2548 258 2939 315 VIROMAND.
3725 269 3772 320 73

500 359 714 434 lusque
743 364 959 438 cuique
982 370 1317 444 qumquam
1346 374 1669 449 subripere.
1698 380 2000 449 Degebant
2022 384 2151 435 o'm-
2192 383 2238 434 Α
2262 379 2520 449 Jamjam
2555 381 2804 452 pudebit
2834 382 3124 451 cogitasse
3152 383 3266 439 hoc
3298 397 3594 454 perversum

502 464 610 505 nes
625 450 686 506 in
707 453 836 523 ejus
851 454 1071 515 ditione
1093 462 1280 517 securi
1305 463 1604 521 malorum
1618 472 1675 522 et
1690 468 2051 525 laborabant
2070 468 2148 524 fe-

501 538 787 598 stinanter
813 545 1137 604 accelerate
1160 550 1519 609 exhibitione
1560 557 1833 613 omnium
1873 570 2146 630 ‘operum.

620 746 631 752 -
1134 682 1516 735 APOSTROPHA.

501 752 756 818 Profusis
786 766 1063 849 precibus
1092 769 1274 828 lector
1304 774 1555 848 supplex
1583 778 1687 835 tibi
1716 779 1870 849 dico,

570 844 719 939 Artis
747 844 1034 927 septitlute
1063 875 1269 929 gnare,
1301 844 1612 939 capaxque
1639 868 1813 925 bene.

504 937 704 1032 Deficit
730 940 1035 1014 eloquium
1060 965 1071 1003 :
1113 965 1235 1004 non
1265 949 1424 1007 hunc
1458 936 1764 1012 sustollere
1794 972 2042 1032 possum

573 1029 869 1092 Quantum
892 1036 1230 1107 opperteret
1254 1038 1535 1097 laudibus
1562 1029 1908 1104 innumeris.

503 1117 613 1171 Nec
643 1117 849 1189 stringi
878 1125 1163 1197 numeris,
1196 1143 1304 1182 nec
1335 1120 1585 1201 possunt
1615 1134 1822 1190 cedere
1854 1136 2049 1191 verbis

570 1204 711 1269 Quae
740 1204 896 1264 mala
920 1211 1170 1283 sedavit,
1203 1232 1337 1288 quae
1365 1218 1527 1275 bona
1557 1218 1875 1279 distribuit.

501 1294 712 1381 Custos
743 1294 1134 1373 defensorque
1167 1321 1287 1359 suae
1315 1308 1520 1377 patriae
1552 1298 1910 1381 luculentus,

572 1379 717 1451 Dux,
747 1392 946 1440 eomes
973 1387 1077 1444 iste
1107 1402 1325 1462 bonus,
1355 1397 1643 1464 marchio,
1677 1379 1980 1471 patricius,

498 1467 840 1551 Archidicus
869 1477 1060 1531 rector
1087 1494 1284 1535 rerum
1321 1482 1369 1536 si
1399 1467 1871 1555 quislibetesset,

570 1556 768 1616 Posset
797 1564 1050 1621 veridica
1081 1569 1335 1626 scribere
1362 1588 1497 1644 quae
1529 1581 1788 1647 cuperet.

501 1644 603 1739 Ast
617 1662 727 1715 ego
747 1650 979 1719 stultUS,
1000 1654 1201 1723 hebes,
1219 1666 1564 1733 cunctaeque
1585 1644 1826 1721 rationis
1844 1664 2142 1739 etexpers,

568 1732 833 1793 Scribere
861 1742 980 1796 non
1004 1743 1173 1824 valeo
1204 1740 1398 1824 dicere
1425 1732 1558 1823 quae
1589 1753 1787 1824 cupio.

500 1812 665 1877 istius
692 1828 844 1881 notae
876 1822 1226 1905 scriptaeque
1256 1820 1407 1890 libro
1438 1812 1734 1896 bOnitates

570 1912 706 2003 Ejus
732 1904 1004 1974 stellifero
1032 1904 1145 1993 qui
1165 1923 1326 1979 sedet
1352 1925 1408 1979 in
1444 1927 1611 2003 solio.

569 2001 664 2055 llis
693 2006 749 2057 et
778 2004 905 2059 aliis
935 2008 1395 2089 quampluribus
1422 2001 1818 2089 probitatibus
1844 2004 1960 2074 huc
1987 2004 2144 2077 illuc-

498 2090 613 2159 que
647 2093 903 2171 sparsim
940 2090 1191 2169 diffusis,
1227 2102 1602 2176 copiosisque
1647 2102 2016 2164 diversarum
2061 2110 2147 2166 re-

498 2178 634 2267 rum
678 2177 994 2267 atilu‘enttis
1044 2188 1401 2258 propensius
1453 2190 1798 2267 diffamatis,
1831 2196 2145 2263 Tetboldus

499 2266 701 2319 comes
744 2265 1177 2355 incendebatur
1206 2278 1577 2334 excruciatus
1614 2265 1837 2339 invidia
1877 2291 1931 2340 et
1962 2268 2141 2355 furiis,

497 2349 696 2405 liveris
748 2358 803 2409 et
850 2348 1112 2444 perfidiae
1166 2365 1430 2419 ‘suﬂ‘usus
1486 2384 1730 2436 veneno,
1791 2348 2147 2444 suggerebat

498 2438 759 2510 quotidie
784 2442 907 2515 regi
936 2440 1208 2506 Lethario
1232 2458 1294 2508 ut
1317 2452 1613 2526 deciperet
1636 2438 1993 2517 Richardum
2022 2468 2145 2520 tan-

499 2532 567 2619 tae
613 2528 913 2619 dignitatis
962 2536 1155 2594 virui'n
1207 2538 1366 2611 dolo,
1412 2546 1752 2619 teneretque
1798 2542 2147 2608 Northman-

496 2615 658 2672 niam
685 2612 797 2675 sub
833 2624 951 2677 suae
984 2625 1222 2683 ditionis
1248 2630 1417 2700 jugo.
1446 2612 1709 2690 Tandem
1740 2654 1880 2693 vero
1911 2656 2013 2696 rex
2036 2643 2142 2697 Lo-

497 2703 729 2796 tharius
768 2709 954 2790 ipsius
1002 2716 1232 2796 cOInitis
1274 2718 1613 2790 sophisticis
1663 2727 2141 2796 suggestionibus

494 2794 843 2895 excaecatusz
875 2801 1032 2858 misit
1064 2803 1142 2859 ad
1185 2794 1551 2864 Richardum
1582 2812 1684 2895 qui
1715 2794 1934 2871 diceret
1963 2818 2014 2872 ei
2040 2818 2143 2873 do-

491 2880 631 2975 losis
658 2880 978 2975 affatibus:
1034 2914 1061 2938 ‹‹
1087 2891 1411 2967 Usquequo
1438 2880 1825 2970 praestolabor
1851 2902 2140 2975 pmniten-

493 2967 584 3023 tiae
628 2971 1174 3050 recordationisque
1220 2984 1330 3035 tuae
1386 2967 1737 3058 respectum,
1772 2967 2141 3049 utirivolum

493 3056 785 3147 enjusq‘tie
840 3064 1030 3131 gentis
1099 3082 1193 3123 me
1242 3061 1412 3125 toties
1468 3056 1891 3147 parvipendis?
1939 3074 2141 3137 Nonne

493 3140 785 3201 s‘ubniims
812 3152 1049 3206 tuorum
1077 3153 1442 3213 adminiculo
1470 3160 1868 3227 inimicorum.
1893 3182 2143 3238 possum

492 3230 765 3291 obsidere
792 3242 848 3293 et
874 3240 1105 3313 capere,
1134 3247 1391 3322 exceptis
1421 3248 1627 3305 amicis
1654 3252 1792 3322 tuis,
1816 3230 1994 3311 urbes
2016 3254 2144 3313 'mu-

490 3319 785 3415 nitio'num
851 3328 1137 3410 tuarum?
1201 3320 1326 3389 Non
1385 3338 1677 3413 umquam
1736 3319 2021 3415 cuiquam
2089 3351 2139 3402 te

490 3398 885 3495 s‘ubjugabis?
928 3400 1175 3476 No’ris’ne
1206 3422 1300 3478 me
1331 3428 1457 3481 esse
1490 3430 1693 3496 regem
1736 3430 2139 3508 Francorum?

489 3499 692 3556 Nonne
738 3500 839 3558 tibi
882 3504 1134 3577 injurius
1166 3512 1294 3566 esse
1339 3518 1567 3585 potero,
1605 3518 1651 3571 si
1681 3518 1814 3590 quae
1845 3500 2137 3594 meijuris

485 3591 590 3652 est,
623 3590 806 3679 aecita
834 3598 1039 3662 manu,
1068 3597 1147 3653 ad
1193 3605 1245 3655 te
1289 3600 1566 3658 obnixius
1603 3590 2049 3679 proper‘avero?
2081 3606 2138 3668 Si

485 3675 598 3732 tuis
624 3674 843 3759 invidis
874 3683 1195 3754 credidero,
1226 3693 1409 3762 tuque
1440 3692 1585 3773 vero“
1605 3674 1754 3773 meis
1792 3693 2048 3769 perjuris
2080 3680 2138 3755 et

484 3763 825 3823 infidelibus
855 3768 1069 3829 faveris
1116 3778 1312 3833 mente
1358 3784 1413 3835 et
1459 3764 1636 3860 corde
1664 3763 2134 3860 tum-nunquam

484 3854 940 3941 p‘aciﬁcabim‘ur
967 3862 1182 3920 medere
1212 3856 1589 3941 complacita.
1621 3854 1831 3928 Desine
1873 3854 2013 3929 talia
2056 3875 2133 3930 ri-

487 3942 658 4031 mari,
692 3936 750 3999 et
775 3930 956 4005 libeat
976 3950 1082 4007 tibi
1115 3930 1372 4031 mecum.
1384 3944 1645 4027 gaudere
1671 3964 1727 4031 et
1752 3958 2134 4030 eongratula-

485 4029 555 4085 ri.
589 4034 1021 4095 Co‘n‘nectamu'r
1049 4028 1226 4113 igitur
1271 4044 1604 4103 a'li'nvicem
1655 4028 1846 4104 taliter
1893 4066 2132 4124 compe-

486 4120 676 4211 t'e'ntiis
705 4130 922 4181 mutuae
950 4128 1287 4201 voluntatis,
1321 4139 1386 4191 ut
1410 4138 1590 4207 nemo
1618 4132 1960 4211 nostrorum
1992 4156 2130 4196 sua-

485 4197 582 4279 pte
610 4211 941 4287 quidquam
970 4197 1282 4291 possideat
1303 4204 1618 4279 facultatis.
1650 4206 1711 4280 ¹51
1741 4218 2044 4298 quispiam
2068 4228 2130 4285 in

485 4301 539 4352 t‘e
569 4298 659 4354 vel
688 4301 747 4358 i'n
777 4320 873 4361 me
898 4307 1121 4365 rixatus
1141 4312 1465 4394 exercuerit
1479 4313 1767 4384 jurgium,
1797 4330 1908 4384 ego
1937 4321 2126 4389 tuum,

484 4389 548 4441 t'u
575 4390 714 4445 vero
743 4394 943 4451 meum
975 4398 1209 4455 eontere
1247 4386 1304 4455 et
1328 4386 1554 4474 dissipa
1580 4396 2015 4460 adversarium.
2051 4398 2132 4463 Si—
2168 4409 2213 4463 D

483 4476 619 4562 eius
646 4478 825 4537 unius
865 4486 1080 4555 cordis,
1111 4486 1407 4561 uniusque
1449 4484 1666 4544 mentis
1701 4494 1757 4546 et
1788 4488 2127 4562 voluntatis,

484 4551 541 4652 et
566 4568 942 4628 centera'm'us
972 4579 1028 4630 et
1055 4574 1475 4652 dispergamus
1517 4582 1693 4651 atque
1738 4576 2129 4651 s'ubj'i‘ciamus

482 4644 828 4714 Tetboldti'ni
856 4660 994 4717 cum
1016 4642 1174 4741 suis:
1187 4642 1579 4743 li‘l‘a'n'drense‘s
1596 4642 1749 4721 iero
1771 4660 2131 4743 caeterasq'ue

485 4746 686 4808 gentes
713 4745 774 4801 in
805 4749 916 4803 nos
957 4734 1227 4831 rebelles,
1255 4750 1396 4805 dirae
1426 4733 1572 4819 legis
1591 4746 1739 4823 jugo
1769 4733 2126 4831 aﬂliga‘mus,

483 4832 701 4904 easque
730 4836 903 4893 nobis
944 4836 1160 4893 Servi‘re
1191 4828 1247 4893 et
1282 4831 1570 4911 potestate
1598 4836 1942 4912 urgeamus.
1972 4828 2129 4911 Dua-

481 4912 723 4993 propter
777 4924 1039 4980 acoeler'a
1084 4924 1284 5001 venire
1331 4922 1537 4983 contra
1591 4926 1686 4983 me
1740 4926 2000 4987 ‘veloCius
2052 4934 2129 4989 ad

481 5002 787 5083 placitum,
839 5018 902 5067 ut
952 5006 1209 5081 colligati
1272 5004 1665 5071 indissolubili
1732 5018 2129 5091 competentia

481 5096 899 5165 amicitiarum,
952 5098 1328 5167 gaudeamus
1387 5100 1701 5160 unanimes
1770 5105 1964 5162 Securi
2026 5106 2131 5164 ho-

484 5172 661 5241 stium
690 5180 749 5242 et
776 5184 1325 5245 adversariorum.»

1104 5329 1485 5374 APOSTROPHA.

484 5405 738 5471 Lothari,
768 5423 872 5463 rex
902 5407 1182 5477 clemens,
1213 5412 1369 5483 pius,
1394 5414 1608 5484 justus,
1639 5420 1903 5484 sanctus,

482 5495 727 5562 Probus,
761 5497 1087 5565 modestus,
1120 5500 1354 5568 nobilis,
1387 5503 1489 5558 lux
1517 5504 1678 5560 alma
1705 5505 1910 5561 orbis:

482 5587 598 5642 Cur
624 5585 813 5658 decipi
841 5586 1087 5658 moliris,
1114 5588 1361 5647 infectus
1391 5608 1608 5665 spurco
1636 5593 1840 5662 livore,

482 5673 850 5733 Richardum
876 5674 1087 5735 ducem
1120 5684 1412 5749 sanctum,
1431 5681 1713 5754 justum?

2258 467 2666 540 Ingloriusque
2697 470 2830 538 hoc,
2863 471 3015 526 heu!
3050 470 3217 527 velle.

2256 557 2512 612 Pravum
2541 561 2711 612 tuum
2741 559 2845 612 sed
2876 558 3025 614 velle
3056 574 3232 631 posse
3262 559 3419 615 haud
3442 562 3713 633 continget.

2329 643 2508 713 Igitur
2553 645 2883 702 Richardus
2925 647 3050 702 dux
3092 664 3408 721 comesque
3428 651 3772 722 praecellentiss

2256 750 2417 803 mus,
2450 733 2731 789 falsidicis
2762 735 2979 791 harum
3013 735 3444 794 blanditionum
3467 739 3772 815 minaruqu

2256 822 2651 890 legationibus
2677 824 2984 896 deceptus,
3016 826 3315 897 profectus
3346 832 3425 883 est
3454 834 3626 887 contra
3648 833 3772 887 Loth

2254 911 2411 966 rium
2461 926 2663 979 regem
2712 913 2790 967 ad
2838 912 3146 984 placitum,
3178 915 3357 970 ascita
3407 916 3604 973 militari
3646 936 3772 975 man

2256 999 2378 1053 Rex
2406 1015 2546 1054 vero
2577 1000 2928 1055 coadunatis
2957 1002 3085 1071 ejus
3113 1003 3367 1059 inimicis
3408 1004 3459 1060 in
3480 1005 3615 1074 dolo,
3644 1010 3772 1064 Carr

2257 1088 2403 1143 tensi
2461 1088 2681 1143 scilicet
2736 1089 3040 1159 Tetboldo,
3113 1092 3503 1161 Andegavensi
3556 1096 3761 1152 Goizfri.

2257 1181 2434 1248 atque
2502 1177 2840 1232 Flandrensi
2894 1180 3107 1235 comite
3168 1181 3481 1250 Balduino;
3533 1184 3625 1255 qui
3682 1187 3772 1241 eti:

2255 1266 2513 1320 exercitu
2562 1265 2958 1336 plurimorum
2988 1269 3116 1337 ejus
3164 1269 3523 1327 inimicorum
3547 1272 3688 1328 clam
3716 1291 3772 1329 cc

2256 1353 2518 1423 globato,
2550 1355 2898 1411 morabatur
2929 1374 3108 1428 super
3146 1359 3339 1414 Helnae
3388 1360 3660 1418 tluviolum
3702 1364 3772 1419 ira

2255 1442 2479 1497 dulenti
2504 1443 2724 1498 animo.
2763 1444 2859 1499 Die
2892 1462 3031 1501 vero
3060 1446 3261 1503 indicti
3293 1447 3497 1519 placiti,
3522 1466 3631 1522 qua
3658 1452 3772 1507 doli

2257 1535 2538 1585 statutum
2580 1537 2705 1587 erat
2730 1547 2831 1587 eos
2862 1533 3155 1601 fcederari,
3189 1536 3349 1592 misit
3374 1537 3484 1593 dux
3509 1553 3746 1608 magnus

2255 1618 2513 1673 chardus
2543 1619 2898 1690 explatores,
2933 1627 2997 1677 ut
3043 1640 3177 1694 quae
3223 1624 3557 1693 gerebantur
3599 1629 3757 1700 apud

2183 1725 2228 1777 Β
2258 1722 2388 1776 gem
2429 1709 2835 1764 renuntiarent
2867 1709 2998 1777 sibi,
3027 1710 3497 1786 inquirerentque
3537 1715 3634 1787 qui
3674 1733 3770 1772 ess

2255 1812 2390 1850 cum
2422 1811 2577 1863 rege,
2611 1801 2667 1851 et
2699 1797 2745 1851 si
2775 1798 2918 1868 quid
2946 1798 3313 1870 deceptionis
3350 1801 3581 1860 latitaret
3607 1804 3665 1860 in
3708 1823 3772 1861 ex

2254 1882 2476 1952 quandi
2520 1883 2769 1950 negotiis
2817 1883 3034 1955 placiti.
3088 1886 3171 1941 1111
3210 1891 3410 1943 autem
3449 1889 3573 1945 illuc
3612 1893 3772 1962 prole

2255 1969 2610 2025 Tetboldum
2662 1978 3023 2044 caeterosque
3078 1974 3353 2031 inimicos
3399 1977 3553 2033 ducis
3598 1980 3772 2036 Riche

2253 2065 2387 2113 ante
2435 2076 2635 2128 regem
2676 2067 3039 2132 repererunt.
3074 2064 3217 2119 Hinc
3245 2081 3480 2138 quoque
3510 2085 3679 2141 super
3708 2087 3771 2126 m

2253 2147 2405 2202 datis
2430 2148 2585 2216 regis
2612 2149 2920 2215 haerentes,
2950 2151 3204 2208 nimium
3249 2158 3605 2226 stupuerunt.
3636 2157 3752 2213 illis

2252 2241 2370 2290 tem
2402 2241 2537 2291 ante
2567 2253 2767 2304 regem
2795 2240 3168 2295 morantibus
3193 2242 3520 2314 paululum,
3550 2256 3683 2302 ecce
3712 2264 3772 2304 Vt

2252 2328 2389 2378 runt
2418 2324 2706 2385 Tetboldi.
2742 2326 3055 2383 Goizfroidi
3084 2333 3263 2401 atque
3294 2331 3561 2388 Ralduini
3602 2336 3772 2390 comit

2251 2411 2476 2466 loricali
2506 2417 2561 2466 et
2592 2413 2804 2479 galeati
2833 2416 3143 2483 exercitus,
3177 2418 3541 2489 insurgentes
3586 2422 3726 2479 hinc
3756 2425 3772 2479 i

2253 2500 2423 2555 celeri
2453 2501 2739 2572 equitatu,
2772 2504 3076 2574 cupientes
3108 2511 3172 2561 ut
3210 2507 3451 2577 jussum
3488 2514 3612 2565 erat
3648 2527 3771 2581 agg

2253 2589 2615 2644 Richardum
2668 2595 2725 2645 et
2780 2608 2919 2646 suos
2984 2594 3181 2649 hostili
3244 2612 3582 2666 congressu.
3622 2601 3770 2655 Vide

2252 2682 2451 2732 autem
2494 2677 2607 2732 hoc
2654 2678 2753 2744 illi,
2788 2678 3077 2736 innuebat
3115 2683 3369 2755 quisque
3422 2685 3551 2755 sibi,
3582 2690 3648 2741 ut
3675 2704 3772 2743 rer

2250 2766 2462 2820 tierent
2509 2766 2755 2821 celerius
2811 2785 2947 2840 qua:
3003 2770 3274 2827 viderant
3330 2772 3620 2830 Richardo
3675 2792 3772 2832 con

2251 2855 2417 2910 Tunc
2457 2871 2615 2909 unus
2646 2855 2884 2911 illorum
2928 2860 3206 2929 praepetis
3237 2861 3374 2932 equi
3401 2861 3583 2937 dorso
3609 2866 3772 2920 resid

2251 2943 2432 2998 veloci
2480 2960 2658 2998 cursu
2702 2946 2931 3016 repetiit
2976 2947 3335 3004 Richardum
3383 2951 3772 3023 prtedignum

2182 3067 2222 3122 ε
2252 3031 2476 3099 mitem,
2523 3031 2727 3088 omnia
2769 3034 3011 3101 agmina
3064 3036 3418 3104 transiliens,
3449 3040 3767 3098 vociferari

2253 3136 2391 3174 cum
2434 3120 2619 3174 nimio
2646 3121 2895 3188 gemitu,
2927 3127 2983 3178 et
3009 3124 3215 3179 dicens
3245 3144 3258 3181 :
3305 3146 3337 3179 ‹
3360 3128 3636 3199 Domine,
3668 3129 3772 3186 (10]

2250 3207 2374 3262 dux
2425 3210 2977 3279 praepotentissime,
3009 3228 3149 3268 erue
3180 3218 3255 3273 te.
3288 3230 3363 3271 ne
3405 3215 3671 3273 intereas
3724 3220 3772 3274 h

2248 3296 2649 3364 immanitate;
2698 3299 2842 3369 quia
2892 3314 3102 3355 omnes
3166 3301 3391 3359 inimici
3452 3305 3539 3361 tui
3602 3322 3772 3377 cong

2248 3401 2387 3439 cum
2415 3400 2574 3453 rege,
2607 3387 2863 3455 gestiunt
2889 3392 2941 3443 te
2988 3394 3238 3462 tuosque
3277 3397 3383 3448 aut
3412 3409 3661 3467 capere,
3695 3413 3772 3453 au

2247 3473 2534 3528 terimere.
2556 3497 2581 3522 ››
2614 3476 2708 3530 llis
2733 3476 2949 3532 auditis
2975 3477 3305 3535 Richardus
3327 3481 3457 3538 dux
3473 3483 3772 3556 impertei

2247 3562 2517 3629 surrexit,
2552 3564 2791 3637 suisque
2839 3564 3115 3621 ﬁdelibus
3167 3570 3368 3625 ascitis
3422 3571 3627 3628 dixit:
3679 3596 3710 3623 (ι
3746 3576 3772 3627 Ι

2244 3649 2412 3705 dium
2441 3666 2575 3705 ecce
2603 3658 2880 3724 paratum
2908 3654 3101 3720 nobis,
3135 3662 3469 3729 antequam
3501 3659 3772 3717 deverta

2242 3739 2624 3811 praelibemus
2656 3741 2800 3797 illud
2830 3742 2890 3797 in
2917 3736 3161 3800 nomine
3185 3746 3444 3803 Domini.
3474 3744 3710 3821 Sicque
3740 3769 3772 3804 s

2244 3834 2461 3884 sancta:
2488 3831 2677 3884 crucis
2707 3831 2918 3887 vexillo
2951 3832 3312 3905 praemuniti,
3344 3836 3772 3908 praestolemu

2244 3916 2417 3972 stium
2470 3934 2690 3974 cuneos
2740 3919 3036 3992 intrepidi.
3087 3923 3359 3995 Nequitia
3398 3926 3645 3982 etenim
3688 3928 3772 3983 illi

2242 4014 2295 4060 et
2330 4006 2808 4076 perﬁdiaatteret
2837 4004 3013 4079 digne
3046 4009 3209 4079 illos;
3256 4008 3542 4085 probitas
3572 4032 3739 4072 vero

2239 4097 2377 4149 ﬁdei
2406 4100 2463 4151 et
2493 4097 2617 4168 spei
2646 4104 2810 4153 eruet
2840 4110 2967 4156 nos.
3012 4096 3271 4174 impetus
3309 4098 3637 4175 perversae
3672 4124 3772 4163 m1

2238 4183 2394 4237 diuis
2432 4184 2668 4239 illorum
2698 4201 2821 4240 non
2850 4203 2954 4242 vos
2980 4193 3286 4255 exterreat,
3317 4184 3551 4247 verum
3585 4195 3772 4265 praecl

2239 4288 2443 4327 sorum
2471 4279 2803 4329 vestrorum
2832 4266 2894 4330 in
2924 4276 3089 4332 omni
3120 4276 3488 4336 adversitate
3522 4281 3772 4339 robust

2239 4360 2677 4417 monimentum
2706 4363 2883 4418 fortes
2909 4360 3154 4420 faciat.»
3187 4362 3335 4423 Cum
3366 4362 3626 4439 autem,
3654 4371 3750 4425 ad

2238 4448 2405 4504 dium
2430 4450 2713 4516 residens,
2742 4451 2868 4506 haec
2911 4457 2967 4507 et
2994 4451 3112 4509 alia
3152 4450 3649 4528 quamplurima.
3686 4476 3771 4515 su

2236 4535 2317 4591 do
2343 4537 2647 4608 proferret,
2682 4538 2893 4610 suique
2923 4536 3110 4612 quam
3155 4542 3406 4613 plurimi
3442 4536 3772 4602 abessent

2235 4624 2342 4694 les,
2372 4626 2531 4681 venit
2583 4626 2733 4682 alius
2784 4629 3029 4683 nuntius
3075 4628 3335 4687 referens
3378 4630 3632 4691 adesse
3677 4637 3772 4692 ho

2238 4713 2413 4769 acies.
2445 4714 2736 4771 Richardo
2763 4730 2902 4772 vero
2930 4716 3305 4775 Sanctissimo
3334 4721 3493 4778 duci
3524 4739 3772 4799 percu]

2237 4804 2278 4857 ti
2303 4807 2449 4874 quot
2472 4803 2636 4859 milia
2664 4796 2982 4860 hominum
3006 4800 3213 4863 essent
3238 4804 3424 4879 regis,
3455 4796 3669 4884 sique
3708 4814 3772 4885 ip

2237 4895 2323 4946 set
2349 4907 2453 4946 rex
2483 4891 2543 4946 in
2572 4894 2989 4960 congressione
3019 4895 3237 4963 hostili,
3267 4898 3490 4954 tertius
3529 4900 3747 4957 affuit

2235 4979 2565 5035 calcaribus
2599 4982 2787 5052 equis.
2821 4983 2930 5047 Qui
2958 4978 3105 5039 dixit
3133 4984 3221 5039 ei:
3257 4982 3608 5044 «Domine
3642 4990 3772 5046 du:

2232 5083 2337 5123 rex
2365 5072 2422 5124 et
2450 5069 2577 5139 ejus
2604 5064 2893 5125 exercitus
2920 5068 3157 5129 festinat
3186 5074 3340 5131 ferro
3366 5076 3678 5133 indutus
3712 5098 3772 5135 cc

2234 5155 2297 5211 di
2348 5156 2453 5212 tibi
2524 5160 2875 5230 praeparatis
2934 5152 3240 5218 aciebus.»
3310 5165 3464 5220 Haec
3540 5182 3636 5221 eo
3716 5173 3772 5224 tr

2233 5261 2375 5300 voce
2429 5251 2730 5317 narrante,
2779 5240 3189 5321 apparuerunt
3230 5252 3357 5308 acie
3421 5252 3603 5310 hinc
3675 5256 3772 5312 in.

2234 5334 2379 5388 mati
2424 5335 2778 5391 exsilientes.
2818 5332 2979 5394 Tunc
3026 5331 3342 5396 ineffabilis
3396 5342 3557 5398 dux
3622 5361 3772 5401 con

2231 5422 2559 5477 Richardus
2606 5418 2842 5479 intuens
2888 5420 3135 5498 propius
3174 5427 3532 5486 iniminens
3573 5435 3772 5504 peric

2235 5510 2483 5565 surrexit
2513 5510 2678 5565 ocius
2726 5513 3004 5569 deserens
3051 5517 3402 5587 prandium,
3436 5519 3771 5578 divertiti

2231 5596 2315 5652 eis
2341 5602 2397 5652 et
2423 5599 2665 5654 secessit
2696 5605 2857 5654 trans
2880 5603 3052 5673 Depie
3076 5604 3333 5673 alveum,
3359 5607 3642 5679 suique
3687 5627 3771 5667 at

2232 5684 2370 5744 illuc
2399 5687 2854 5760 praestolabatur
2880 5692 3224 5755 exercitum.
3249 5694 3368 5754 Sed
3399 5696 3615 5768 regis
3669 5715 3772 5757 ex
