3878 6384
12 286 17 292 ’
78 280 199 336 733

579 281 668 333 DE
708 278 945 334 GESTIS
984 276 1410 335 ΝΟΒΜΑΝΝῘΕ
1448 276 1685 333 DUCUM
1723 272 1914 335 LiBRl
1952 278 2146 338 TRES.
2189 308 2257 323 -—-
2295 276 2425 336 LIB.
2470 276 2558 336 lli.
2610 281 3035 337 RICHARDUS.

78 404 255 459 vada
290 406 463 475 Depae
490 402 946 475 praeoccupavit,
979 418 1053 458 ne
1084 402 1308 458 veniret
1338 402 1416 458 ad
1445 418 1603 457 eum.
1625 401 1757 467 Qui-
1788 404 1837 457 Α
1878 404 2017 469 Quis
2046 405 2209 461 bona
2238 420 2371 477 quae
2400 404 2626 459 studuit
2652 403 3005 459 elucubrata
3035 402 3247 458 forent.

80 494 242 548 dam
276 496 476 547 autem
507 490 885 546 inimicorum
918 494 1342 564 persequentes
1395 488 1611 546 ducem
1662 490 1759 545 Ri-

80 581 419 650 chardum,
448 578 509 635 in
539 578 740 635 medio
777 580 918 635 vadi
968 582 1141 652 Depae
1178 580 1361 635 armis
1396 579 1759 635 invaserunt.

0 690 6 725 ε
79 672 212 727 Illis
244 686 384 726 vero
418 668 597 725 simul
628 668 958 740 praeliando
986 669 1101 724 illic
1142 668 1620 731 colluctantibus.
1670 682 1762 724 re-

0 780 3 799 ν
81 773 474 829 cognoscens
513 755 843 829 quemdam
901 762 1249 813 venatorem
1298 771 1476 812 suum
1519 756 1762 813 nomine

0 902 1 905 η
84 850 441 914 Walterum,
471 847 595 902 dux
618 846 948 902 Richardus
978 848 1233 903 cucurrit
1260 862 1397 903 cum
1430 846 1764 916 domigenis

0 966 3 995 ;
84 938 240 993 illuc
271 935 623 1008 intrepidus,
658 937 712 990 et
738 935 951 1007 eripuit
981 934 1147 998 illum
1178 936 1404 991 caeteris
1445 936 1661 1004 fugatis
1708 938 1765 989 et

77 1025 311 1082 occisis
377 1022 694 1093 hostibus;
754 1023 1035 1096 restitque
1079 1024 1245 1079 omni
1302 1024 1581 1080 Exercitui
1608 1022 1764 1093 regis

81 1115 174 1172 ad
207 1113 435 1169 ﬂuvioli
470 1116 643 1185 Depaa
676 1112 885 1168 exitus.

164 1201 517 1261 Conﬂuente
542 1216 678 1257 vere
704 1201 972 1273 undique
1003 1216 1174 1257 secus
1202 1202 1357 1271 regis
1408 1206 1463 1257 et
1491 1200 1764 1257 inimico-

0 1320 1 1329 ι
81 1308 233 1349 rum
261 1290 544 1358 exercitu,
578 1290 856 1345 dixerunt
881 1290 1097 1345 ducem
1125 1289 1203 1345 ad
1234 1290 1601 1346 Richardum
1633 1300 1764 1345 ma-

75 1384 253 1454 jores
311 1383 459 1436 natu
515 1377 935 1435 defendentem
986 1379 1264 1435 severiter
1320 1380 1460 1435 vadi
1518 1379 1759 1435 aditus:

0 1508 1 1515 η
85 1494 115 1519 ‹‹
164 1470 419 1525 Domine
451 1468 573 1523 dux
602 1467 1008 1537 magnanime,
1052 1467 1214 1522 fraus
1244 1467 1427 1537 hujus
1475 1468 1764 1539 perfidiae,

80 1557 395 1631 dolusque
449 1554 817 1629 deceptionis
866 1556 1138 1612 nefandae
1189 1557 1456 1611 detectus
1506 1562 1598 1612 est
1647 1560 1765 1612 Deo

80 1651 419 1705 annuente.
458 1649 533 1702 Ne
564 1646 741 1715 igitur
784 1645 1216 1718 praeoccuperis
1271 1651 1481 1714 morte,
1537 1650 1639 1701 aut
1668 1660 1763 1701 ca-

79 1736 299 1811 piaris,
334 1749 672 1807 precamur,
728 1734 991 1801 diverte;
1055 1734 1384 1805 urbemque
1441 1736 1763 1790 1101110100-

80 1839 344 1896 gensem
374 1821 546 1878 celeri
575 1822 839 1894 equitatu
889 1826 1041 1894 pete,
1098 1837 1172 1877 ne
1230 1820 1378 1878 forte
1426 1823 1649 1878 inimici
1679 1824 1762 1879 tui

82 1916 522 1988 praeoccupent
551 1927 661 1967 nos
691 1910 970 1966 velociori
1010 1928 1208 1978 cursu,
1264 1924 1519 1984 eamque
1575 1909 1763 1967 vindio

0 2056 1 2061 η
83 2006 229 2059 cent
252 2000 761 2073 sibi,reperientes
783 2017 1002 2056 vacum
1025 2000 1329 2056 militibus.
1353 2020 1382 2053 ›
1408 2004 1534 2057 Dux
1560 2007 1761 2057 autem

80 2090 426 2147 Richardus
482 2089 718 2145 illorum
766 2105 1055 2161 respuens
1122 2090 1371 2145 consilia
1404 2134 1416 2157 ,
1481 2090 1763 2162 cupiebat

83 2196 234 2238 cum
276 2178 567 2235 tironibus
599 2178 720 2234 suis
752 2178 1116 2234 venientium
1157 2179 1438 2235 invadere
1494 2180 1757 2249 agmina.

81 2274 255 2327 Tunc
288 2268 546 2339 majores
576 2273 722 2323 natu
768 2267 1036 2323 videntes
1091 2282 1230 2322 eum
1280 2267 1341 2322 in
1393 2284 1515 2323 suae
1548 2267 1761 2322 mentis

82 2357 404 2432 proposito
435 2368 834 2428 perseverare,
867 2354 1249 2427 salubrisque
1301 2356 1532 2411 consilii
1564 2356 1760 2410 verbis

83 2462 217 2504 non
249 2447 646 2519 acquiescere,
707 2444 1136 2515 aggrediuntur
1195 2460 1335 2500 eum
1383 2449 1439 2500 et
1479 2461 1585 2517 per
1614 2444 1763 2500 freni

84 2535 367 2593 habenas
395 2533 761 2606 arripientes,
814 2533 1218 2605 precabantur
1267 2550 1406 2590 eum
1465 2534 1758 2607 secedere.

88 2624 373 2680 Tandem
402 2638 541 2679 vero
573 2621 819 2693 majoris
870 2622 1057 2677 aetatis
1114 2621 1372 2677 militum
1421 2622 1761 2695 precatibus

91 2714 198 2770 vix
232 2716 473 2769 coactus
505 2709 743 2767 secessit
772 2716 827 2766 et
852 2710 1015 2783 petiit
1056 2712 1377 2766 Rotomum
1417 2710 1763 2767 festinanter

90 2820 172 2861 ne
206 2806 533 2874 caperetur.
572 2800 726 2856 illico
775 2800 1127 2873 propalante
1180 2799 1344 2855 fama
1399 2800 1761 2856 exsecrabile

89 2891 426 2960 conjurataa
473 2888 837 2961 deceptionis
891 2887 1199 2962 placitum,
1251 2889 1447 2944 omnis
1500 2888 1761 2961 populus

91 2979 360 3050 regionis
391 2979 544 3034 illius
572 2977 817 3034 conﬂuit
845 2978 1107 3033 celeriter
1127 2977 1204 3032 ad
1227 2977 1445 3032 ducem
1468 2991 1761 3046 magnum

88 3065 481 3131 Richardum,
514 3064 736 3120 crebris
763 3062 1254 3138 multimodisque
1285 3064 1524 3120 monitis
1570 3065 1761 3120 inces-
1803 3086 1845 3147 ρ

86 3159 299 3213 santer
318 3167 537 3223 urgens
590 3169 751 3219 eum,
805 3153 867 3208 ut
918 3153 1042 3223 regi
1091 3156 1146 3208 et
1202 3152 1486 3209 Tetboldo
1534 3152 1764 3209 comiti-

84 3244 369 3303 redderet
418 3247 683 3298 retractas
742 3240 1108 3314 deceptionis
1189 3240 1471 3298 talionem
1504 3285 1519 3312 ,
1594 3242 1761 3298 inva-

84 3337 241 3391 dens
294 3347 501 3388 eorum
549 3346 822 3400 regnum.
888 3328 1016 3404 Ipse
1065 3347 1202 3387 vero
1235 3336 1429 3402 grates
1474 3329 1766 3388 referebat

85 3419 360 3497 quotidie
391 3421 599 3475 devote
634 3420 773 3490 Regi
795 3436 1025 3487 regum,
1056 3420 1157 3492 qui
1185 3420 1259 3475 de
1289 3420 1529 3475 interitu
1552 3421 1760 3475 mortis

86 3513 197 3568 aut
223 3510 520 3582 captionis
545 3508 761 3581 eripuit
790 3524 949 3564 eum.
981 3506 1273 3563 Ecclesias
1306 3506 1502 3581 palliis
1549 3522 1760 3563 mona-

87 3600 377 3671 sticisque
408 3598 585 3654 rebus
616 3598 750 3653 ideo
778 3597 1012 3670 plenius
1064 3596 1418 3663 honorabat,
1478 3597 1758 3669 pauperi~

84 3692 332 3760 busquc
364 3686 564 3743 cibum
596 3690 652 3741 et
677 3691 886 3758 potum
914 3685 1190 3753 largiﬂua
1215 3699 1404 3739 manu
1440 3684 1759 3740 abundan-

86 3780 209 3835 tius
240 3773 615 3831 ministrabat
647 3773 983 3845 divinaeque
1008 3773 1301 3829 servitutis
1318 3770 1514 3827 ofﬁcio
1533 3773 1759 3826 incum-

84 3869 244 3923 bens
278 3879 522 3936 operam
551 3862 752 3919 dabat.
784 3862 1012 3917 iudicia
1062 3860 1201 3932 justi
1254 3859 1547 3915 examinis
1578 3860 1760 3915 libra-

84 3956 255 4012 mine
286 3953 503 4007 rectius
536 3951 879 4017 trutinabat,
931 3951 1092 4005 rixas
1151 3949 1401 4021 litesque
1448 3952 1627 4021 atque
1672 3949 1760 4003 di-

86 4041 364 4099 scordias
396 4055 805 4113 compescens,
842 4039 1078 4112 plebem
1107 4038 1474 4093 moderatius
1494 4037 1757 4105 regebat.

90 4134 319 4189 Cuncta
354 4130 516 4185 bona
547 4144 730 4202 opera
761 4129 1036 4200 sagacius
1066 4128 1431 4200 perficiebat,
1476 4127 1535 4181 in
1567 4127 1759 4181 omni-

84 4223 207 4278 bus
240 4220 525 4291 operibus
558 4221 674 4273 Deo
702 4217 980 4273 subditus
1012 4216 1323 4290 perfectior
1358 4220 1499 4273 erat.
1536 4217 1762 4288 Orpha-

83 4326 203 4366 nos
233 4306 616 4381 pupillosque
643 4311 698 4361 et
727 4306 981 4371 exsules,
1028 4298 1092 4360 ut
1123 4308 1291 4377 pater
1340 4305 1513 4373 filios,
1569 4305 1761 4359 lenius

86 4394 468 4453 sustentabat
496 4394 830 4466 viduasque
861 4398 917 4449 et
948 4391 1235 4466 profugos
1269 4392 1514 4447 suavius
1540 4392 1761 4447 refove-

84 4489 215 4543 bat.
252 4484 569 4540 Monachos
600 4484 1045 4556 canonicosque
1076 4487 1256 4555 atque
1287 4481 1470 4536 laicos
1506 4480 1759 4535 famula~

84 4578 136 4633 ri
173 4579 293 4631 Deo
342 4572 594 4628 strictius
647 4572 940 4640 urgebat;
991 4585 1266 4645 paganos
1321 4569 1761 4640 sceleratosque

84 4666 380 4728 refutans,
412 4658 707 4733 pOpulum
742 4676 865 4714 suae
907 4660 1317 4716 advocationis
1367 4658 1632 4713 fomento
1666 4672 1757 4712 se-

86 4750 361 4811 cu‘ritatis
392 4746 744 4823 prudentius
774 4748 1091 4803 nutriebat.

561 4922 923 4962 APOSTROPHA
966 4922 1036 4960 AD
1078 4922 1276 4961 URBEM.

89 5042 136 5095 Ο
168 5032 379 5089 civitas
407 5028 717 5087 fecundior
746 5029 1229 5103 quampluribus,

6 5182 7 5187 η
89 5121 407 5183 Fcrtilitate
436 5120 600 5185 boni,
635 5118 1039 5191 militibusque
1073 5116 1256 5172 sacris
1290 5116 1301 5170 !

83 5218 251 5271 Tuus
283 5222 419 5263 ecce
449 5204 571 5262 dux
598 5207 884 5279 prudens,
918 5205 1073 5279 pius,
1102 5207 1364 5269 sanctus,
1397 5200 1619 5272 bonus,

8 5286 11 5357 ᾗ
82 5304 419 5360 Tantorum
446 5311 763 5368 procerum
789 5301 990 5351 erutus
1016 5292 1267 5362 insidiis,

8 5382 11 5449 ξ
85 5387 325 5457 Peragit
356 5384 453 5440 Dei
492 5398 628 5457 quae
659 5389 813 5450 sunt,
850 5384 1073 5457 tibique
1106 5392 1374 5451 congrua

8 5470 11 5543 ξ
86 5476 251 5536 Rccti
282 5487 389 5546 per
416 5476 631 5527 cuncta
658 5472 892 5527 tramite
914 5471 1145 5541 judicii.

8 5554 13 5569 ᾖ
88 5565 205 5624 Sed
237 5560 405 5635 quod
430 5559 677 5616 colonus
704 5576 825 5615 non
851 5560 934 5614 fui
965 5558 1277 5631 quondam
1310 5563 1465 5625 tuus,

8 5712 17 5722 ,ν
85 5651 299 5713 Nescio
328 5647 597 5718 digerere
624 5663 761 5721 quas
791 5647 1017 5703 studuit
1047 5647 1262 5704 facere.

8 5724 22 5842 ξ
88 5744 351 5802 Utinam.
384 5742 592 5811 poetas
621 5735 962 5810 possideres
993 5736 1286 5806 garrulas,

1875 493 2047 558 Quod
2077 494 2312 549 vatibus
2344 493 2521 565 culpa
2551 497 2656 557 est,
2690 507 2856 548 cares
2885 492 3241 548 rectoribus.

1875 586 2097 638 lnstrue
2122 598 2281 638 nunc
2308 598 2527 655 pueros
2555 582 2781 639 artibus
2811 582 3185 651 innumeros,

1874 672 2180 728 Successio
2209 670 2506 743 quidquid
2535 675 2782 743 peraget
2800 671 3006 739 magni
3037 671 3244 741 patris,

1871 760 2144 815 Carmine
2169 759 2493 816 multicano
2521 760 2870 815 elucubrare
2904 760 3118 815 sciant.

1944 852 2171 904 Interea
2199 848 2376 918 longe
2403 848 2638 920 lateque
2667 863 2774 920 per
2811 853 2997 903 totam
3048 851 3345 920 Europam
3398 862 3534 919 pro-

1873 935 1995 990 sius
2020 939 2399 1008 promulgata
2420 939 2568 994 tanti
2598 938 2833 1010 patroni
2855 938 3122 1009 tantique
3165 936 3335 992 ducis
3360 936 3535 991 boni-

1872 1029 2008 1091 tate,
2038 1027 2354 1082 Tetboldus
2384 1027 2650 1083 veneﬁco
2707 1027 2971 1100 perﬁdiae
3028 1026 3281 1081 infectus
3325 1026 3530 1094 livore,

1873 1114 2085 1171 iterum
2116 1117 2259 1188 petit
2286 1128 2489 1185 regem
2517 1117 2882 1185 Lotharium,
2916 1116 3183 1188 dixitque
3212 1114 3293 1170 illi
3321 1115 3533 1171 doloso

1875 1203 2051 1260 corde
2086 1223 2097 1259 :
2136 1227 2162 1253 ‹‹
2195 1206 2488 1260 Paterisne
2519 1205 2825 1261 convictus
2855 1204 3228 1260 contumacis
3259 1201 3533 1259 Richardi

1870 1294 2068 1364 jurgio
2098 1295 2514 1366 praejudicium
2537 1310 2659 1350 suae
2692 1294 3044 1365 arrogantiae
3084 1293 3145 1348 in
3196 1298 3297 1349 tuo
3346 1304 3532 1361 regno

1873 1384 2234 1456 persistere?
2284 1385 2643 1456 Tenebitque
2700 1400 2953 1453 regnum
2999 1383 3531 1438 Northmannicum

1876 1473 1998 1528 sine
2025 1479 2140 1528 tuae
2167 1474 2489 1529 Voluntatis
2518 1474 2826 1542 largitione
2848 1474 2875 1529 ?
2929 1472 3244 1539 Quomodo
3268 1472 3400 1542 jure
3426 1480 3530 1525 rex

1871 1563 2338 1635 nuncupaberis,
2374 1561 2422 1617 si
2449 1575 2651 1633 regere
2681 1576 2935 1631 regnum
2988 1564 3351 1617 Francorum
3405 1570 3529 1615 non

1875 1652 2134 1723 quiveris
2156 1654 2501 1722 {Caeterum
2533 1651 2799 1707 fortassis
2831 1652 3014 1707 ascita
3059 1650 3354 1718 Dacigena
3391 1658 3531 1718 gen-

1793 1743 1834 1796 B
1877 1740 2099 1807 tilitate,
2160 1746 2224 1795 ut
2279 1756 2427 1796 avus
2482 1757 2626 1796 suus
2685 1740 2849 1796 Rollo
2904 1739 3047 1794 olim
3096 1752 3275 1810 super
3347 1752 3529 1793 avum

1874 1834 2038 1884 tuum
2084 1830 2380 1899 Carolum,
2432 1840 2685 1899 regnum
2749 1828 2988 1884 ditionis
3044 1832 3155 1882 tuae
3215 1825 3530 1898 supercilio

1868 1918 2167 1989 jactantiae
2222 1935 2341 1974 suae
2401 1919 2693 1974 deliberat
2749 1918 3046 1973 invadere.
3097 1917 3312 1971 Contra
3362 1910 3530 1970 istius

1870 2008 2311 2080 prtesumptivaa
2342 2007 2678 2063 calliditatis
2701 2006 3028 2070 molimina,
3063 2004 3225 2059 dabo
3257 2004 3359 2058 tibi
3390 2018 3528 2075 pro-

1871 2096 2027 2168 speri
2060 2097 2552 2168 saluberrimique
2579 2095 2857 2166 adjutorii
2900 2094 3167 2149 consilia.
3226 2092 3445 2147 Invade
3475 2094 3532 2147 et

1870 2184 2097 2248 obside,
2135 2189 2313 2256 atque
2345 2200 2492 2256 cape
2517 2183 2659 2238 mihi
2690 2182 3000 2237 Ebroicam
3047 2181 3365 2246 civitatem,
3419 2192 3531 2248 ego

1870 2273 2191 2329 vindicabo
2213 2274 2315 2329 tibi
2344 2279 2527 2329 totam
2560 2273 3085 2329 Northmannicam
3128 2271 3457 2339 regionem.
3500 2284 3531 2321 ι

1872 2365 1991 2417 Rex
2018 2379 2161 2418 vero
2191 2364 2283 2418 his
2312 2362 2622 2435 promissis
2656 2362 2860 2417 hilaris
2912 2367 2969 2416 et
3016 2361 3207 2427 laetus,
3265 2360 3425 2413 misit
3455 2357 3532 2413 ad

1870 2462 2080 2506 omnes
2108 2464 2247 2506 suos
2278 2450 2506 2519 fideles,
2539 2455 2835 2522 quatenus
2868 2450 3136 2505 venirent
3165 2448 3241 2503 ad
3264 2464 3325 2502 se
3355 2446 3535 2502 hosti-

1868 2538 1909 2593 li
1936 2555 2285 2609 congressu.
2316 2539 2699 2609 Conglobatis
2724 2539 2902 2607 igitur
2956 2538 3130 2593 totius
3179 2534 3444 2590 Franciae
3477 2537 3534 2589 et

1872 2629 2226 2696 Burgundiae
2249 2634 2488 2699 repente
2513 2626 2903 2700 principibus,
2936 2627 3211 2694 occurrit,
3251 2627 3308 2679 et
3355 2623 3530 2678 obse-

1869 2716 1955 2771 dit
2010 2721 2187 2787 atque
2240 2716 2393 2788 cepit
2456 2716 2733 2771 Ebroicas
2817 2715 3124 2786 repentino
3200 2711 3479 2768 conﬂictu
3513 2753 3527 2777 ,

1870 2805 2151 2877 deditque
2200 2821 2334 2860 eam
2390 2804 2673 2860 Tetboldo
2731 2804 2921 2872 gratia
2972 2801 3384 2858 conventionis
3439 2800 3528 2854 ul-

1872 2898 2133 2950 troneus.

2515 2996 2899 3038 APOSTROPHA.

2052 3070 2327 3141 Celebris,
2360 3072 2538 3142 digne
2567 3071 2805 3137 nobilis,
2840 3074 3017 3142 atque

2052 3162 2306 3218 Marchio
2340 3170 2634 3229 summus,
2662 3161 2906 3231 duxque
2936 3158 3253 3224 verendus,

2054 3252 2238 3308 Tutor
2265 3251 2423 3320 cieri,
2457 3251 2647 3323 plebis
2673 3255 2730 3305 et
2756 3254 2983 3319 auctor,

2054 3345 2257 3397 Hector
2286 3340 2514 3412 populi,
2544 3341 2740 3411 justus
2768 3344 2823 3394 et
2850 3338 3068 3405 almus,

2051 3430 2313 3501 Orphani
2343 3432 2399 3485 et
2427 3429 2646 3483 exsulis
2676 3428 3122 3493 irrevocandus,

2051 3518 2249 3572 Vidute
2274 3515 2616 3586 solatorque
2636 3514 2957 3583 benignus,

2049 3603 2318 3660 Fortuitis
2346 3618 2506 3657 nunc
2538 3602 2776 3657 casibus
2806 3600 2929 3655 istis

2048 3694 2199 3749 Velle
2232 3693 2569 3747 modestum
2602 3700 2721 3745 non
2750 3690 3069 3744 minuetur.

2046 3786 2199 3838 Neve
2230 3780 2519 3849 fastigeris
2546 3778 2899 3834 dubitando.

2050 3869 2295 3929 Sibimet
2324 3869 2470 3925 dum
2502 3869 2826 3925 infortunia
2857 3872 3153 3936 crescunt,

2045 3964 2295 4033 Jamque
2323 3975 2504 4032 quem
2535 3959 2673 4014 colit
2701 3960 2862 4014 hunc
2886 3958 3107 4014 lacerat
3127 3971 3282 4023 acre,

2047 4050 2304 4123 Pyrrius,
2340 4053 2618 4117 aeternus,
2648 4048 2992 4116 refovendo,

2045 4142 2213 4195 Pater
2242 4142 2307 4194 ut
2335 4137 2607 4193 sobolem
2632 4152 2910 4192 recreans
2942 4136 3135 4190 dulce.

2048 4230 2186 4293 Quae
2218 4226 2455 4298 peragis
2490 4240 2648 4280 nunc
2682 4238 2900 4298 perage
2931 4232 3185 4294 semper,

2049 4318 2191 4381 Quae
2222 4314 2488 4387 Operaris
2523 4314 2706 4369 modo
2732 4315 2859 4368 haec
2889 4325 3155 4384 operare.

2046 4403 2194 4458 Urbs
2225 4401 2425 4457 ablata
2451 4400 2555 4454 tibi
2586 4414 2829 4472 quoque
2859 4400 3081 4464 furtim,

2050 4490 2181 4545 Tibi
2218 4489 2518 4553 reddetur,
2553 4489 2747 4557 judice
2771 4498 3029 4541 summo.

1939 4579 2266 4633 Richardus
2298 4578 2476 4645 igitur
2505 4576 2627 4630 dux
2658 4574 3258 4647 preepotentissimus,
3304 4571 3528 4626 subitae

1868 4682 1982 4722 neo
2008 4668 2223 4721 horum
2250 4673 2573 4720 eventuum
2605 4674 2749 4718 casu
2773 4662 2949 4717 tristis
2975 4665 3031 4716 et
3063 4665 3335 4728 moestus,
3389 4670 3530 4715 cona-

1867 4756 2104 4811 vocavit
2133 4753 2585 4810 robustissimus
2613 4752 2877 4822 legiones
2906 4749 3350 4805 Northmannici
3368 4759 3530 4803 exer-

1868 4845 2036 4911 citus,
2065 4844 2287 4915 ivitque
2321 4856 2499 4913 super
2527 4840 2897 4905 Tetboldum,
2948 4839 3130 4894 fretus
3188 4839 3530 4893 innumera»

1867 4933 1972 4988 bili
2024 4932 2259 4987 militari
2324 4943 2509 4985 manu
2540 4972 2553 4996 ,
2638 4927 3015 4999 depopulans
3082 4931 3138 4981 et
3202 4924 3527 4981 incendens

1870 5024 2292 5078 Cartonensem
2355 5022 2816 5088 Dunensemque
2878 5015 3185 5084 regionem
3241 5014 3529 5069 remeavit

1866 5108 2315 5182 imperterritus.
2377 5106 2664 5177 Dispersis
2715 5104 3083 5176 reversisque
3142 5098 3219 5159 ad
3272 5112 3382 5158 sua
3438 5102 3529 5157 ni.

1867 5198 2076 5254 chardi
2125 5195 2331 5265 magni
2378 5191 2549 5249 ducis
2591 5192 2944 5248 exercitibus
2976 5191 3295 5247 Tetboldus
3326 5201 3530 5246 comes

1868 5287 2229 5356 conglobato
2288 5298 2394 5339 suo
2450 5278 2603 5337 clam
2661 5280 2921 5337 exercitu
2950 5320 2963 5344 ,
3016 5280 3261 5352 inrepsit
3318 5282 3527 5336 Norths

1867 5375 2163 5431 mannicis
2194 5373 2439 5428 ﬁnibus.
2476 5375 2622 5427 Cum
2655 5376 2853 5426 autem
2886 5370 3073 5425 relatu
3121 5370 3527 5442 quorumdam

1865 5463 2193 5520 Richardus
2226 5462 2347 5517 dux
2376 5473 2633 5527 magnus
2668 5457 2969 5514 didicisset
3015 5460 3181 5531 quod
3208 5457 3529 5515 Tetboldus

1863 5550 2364 5610 Northmannicos
2397 5548 2545 5603 fines
2579 5548 2937 5618 aggrediens
2990 5548 3318 5616 adveniret,
3369 5546 3529 5602 misit

1861 5641 2193 5715 quemdam
2281 5637 2641 5695 Richardum
2700 5637 2807 5709 qui
2888 5638 3061 5707 cujus
3134 5634 3525 5691 multitudinis

1863 5730 2157 5788 exercitus
2184 5732 2359 5799 esset,
2394 5726 2672 5785 velociter
2699 5726 3085 5783 renuntiaret.
3125 5724 3225 5781 Ille
3262 5733 3401 5780 vero
3437 5728 3527 5775 oar
