3878 6400
563 265 667 317 735

565 384 671 440 teri
695 384 980 458 equitatu,
1008 403 1129 458 quo
1156 386 1470 442 Tetboldus
1492 386 1859 455 morabatur,
1899 400 2200 453 agressus,
2242 381 2290 435 A

565 474 865 545 quosdam
907 474 1143 529 illarum
1193 474 1270 529 ab
1301 474 1556 529 exercitu
1611 478 2010 546 sequestratos
2040 487 2209 543 repe-

565 561 748 630 riens,
802 561 1099 629 interimit,
1153 562 1619 635 Tetboldumque
1678 562 1957 618 comitem
2001 561 2209 616 adesse

568 649 858 705 Richardo
888 650 1022 705 duci
1054 650 1387 707 occisorum
1445 651 1694 707 infectus
1742 667 1949 707 cruore
1998 666 2212 705 renun-

566 737 748 793 tiavit.
793 737 1006 793 Videns
1054 742 1255 793 autem
1298 755 1436 794 eum
1475 739 2019 808 sanguinolentum,
2049 738 2209 808 ejus-

565 841 681 897 que
707 841 875 882 arma
903 842 1111 881 cruore
1141 827 1401 898 perfusa,
1441 828 1564 883 dux
1593 844 1852 899 magnus
1884 827 2210 883 Richardus

564 912 711 968 dixit
733 913 1111 970 adstantibus
1146 932 1158 969 :
1193 937 1221 963 ‹‹
1257 919 1363 971 lste
1393 932 1654 988 namque
1684 933 1823 971 cum
1869 916 1991 971 suis
2038 916 2211 970 inter-

565 999 674 1055 fuit
701 1001 1024 1067 certamini,
1057 1002 1320 1074 dixitque
1346 1003 1428 1058 illi
1478 1021 1491 1059 :
1542 1026 1569 1052 ‹‹
1618 1005 1771 1069 Quot
1825 1004 1953 1074 ejus
1997 1001 2213 1057 exerci-

564 1090 734 1142 tuum
790 1087 1026 1144 millia?
1082 1105 1273 1161 quave
1325 1095 1489 1162 parte
1540 1093 1826 1163 Sequanae
1869 1090 2211 1159 aggreditur

563 1180 767 1232 nostra
820 1176 1131 1233 conﬁnia?
1162 1202 1190 1227 ››
1249 1180 1570 1251 Respondit
1624 1197 1636 1233 :
1691 1201 1719 1227 ‹‹
1751 1179 1907 1247 Tria,
1957 1179 2209 1251 levaque

564 1270 730 1336 parte
782 1267 1090 1337 Sequanae,
1131 1282 1263 1338 quae
1322 1273 1407 1322 est
1466 1268 1927 1337 Ebroicacensis,
1986 1267 2210 1323 occurit

564 1352 845 1408 hostiliter
864 1354 1057 1409 nobis.
1095 1377 1120 1403 »
1153 1355 1256 1411 Cui
1284 1355 1407 1410 dux
1436 1373 1693 1427 magnus
1740 1375 1753 1412 :
1788 1379 1815 1405 ί(
1854 1356 1909 1412 Si
1938 1355 2208 1429 praelium

564 1447 767 1498 contra
819 1458 949 1509 nos,
1009 1448 1111 1498 aut
1153 1443 1528 1500 obsidionem
1578 1445 1744 1500 urbis
1775 1445 2005 1500 Rotomi
2034 1460 2210 1514 agere

564 1530 834 1597 ambiret,
888 1531 1255 1602 altrinsecus,
1310 1550 1434 1605 qua
1490 1534 1709 1589 eminet
1759 1533 1921 1601 urbs,
1977 1532 2209 1589 feritare

563 1622 766 1675 contra
793 1636 902 1674 nos
928 1621 1297 1677 acceleraret.
1331 1624 1566 1689 Verum,
1598 1622 1741 1694 quia
1768 1622 1951 1677 altum
1987 1624 2209 1693 Sequa-

1532 264 1838 320 DUDONIS
1883 262 2135 318 DECANI
2176 259 2232 314 S.
2274 258 2578 323 QUINTINI
2617 257 2999 314 VIROMAND.

2957 393 3344 434 APOSTROPHA.

2318 470 2559 523 Fervere
2580 466 2738 521 caede
2770 482 2928 522 nova
2958 466 3138 521 silvas
3169 481 3510 538 camposque
3535 470 3714 539 patent

2315 557 2576 628 Corpora
2604 555 2944 611 functorum
2971 554 3210 627 pariter,
3242 553 3557 627 lacerosque
3578 555 3714 626 jacet

2315 645 2550 701 Rustica
2575 660 2719 714 gens
2743 661 2896 716 quos
2922 644 3180 700 induviis
3205 643 3330 700 fera
3354 642 3695 717 dispoliabat,

2314 738 2503 806 Atque
2532 733 2744 789 rubere
2775 749 2944 789 sacro
2975 737 3325 806 spumantes
3356 733 3613 802 sanguine
3632 735 3714 791 riv

2316 823 2561 892 Fingere
2592 838 2895 895 quemque
2927 823 3037 878 sibi
3064 822 3211 878 varii
3239 822 3557 879 discrimina
3578 822 3712 879 lethi

2312 916 2502 984 Atque
2529 928 2706 984 super
2736 928 2982 982 gramen
3012 911 3279 985 tepidum
3310 911 3515 967 fumare
3537 928 3714 969 Cl‘llOI‘t

2314 1000 2797 1072 Richardumque
2821 1000 3039 1056 ducem
3067 1000 3309 1070 gratari,
3340 1004 3512 1069 strage
3537 1016 3714 1073 perac

2315 1088 2585 1145 Militibus
2614 1089 2776 1155 laetis,
2808 1105 2968 1145 esses
2999 1089 3046 1145 si
3072 1089 3241 1160 forte,
3272 1088 3504 1144 videres.

2386 1178 2645 1234 Tandem
2678 1193 2819 1233 vero
2850 1195 3049 1234 comes
3078 1177 3413 1249 Tetboldus,
3448 1177 3642 1248 fugatis
3669 1196 3711 1253 p

2316 1268 2510 1339 tisque
2540 1272 2717 1339 atque
2746 1267 2955 1322 occisis
2985 1266 3262 1322 ﬁdelibus
3301 1267 3419 1322 suis
3463 1267 3707 1340 privatus

2316 1356 2556 1427 expetiit
2584 1354 2871 1410 auxilium
2902 1371 3040 1410 cum
3066 1355 3276 1427 paucis
3297 1354 3553 1423 velocius,
3578 1372 3684 1413 nec
3710 1384 3714 1405 ι

2317 1443 2395 1500 ad
2427 1444 2757 1509 Ebroieam,
2789 1459 2974 1515 quam
3006 1444 3098 1498 sui
3151 1444 3443 1511 tenebant,
3486 1444 3706 1513 urbem,

2317 1533 2484 1604 equis
2514 1532 2863 1588 calcaribus.
2913 1532 3109 1588 Merito
3138 1547 3400 1605 namque
3427 1532 3568 1589 beati
3582 1550 3714 1590 mar

2318 1620 3025 1694 Richardiquadripartiti
3052 1620 3404 1676 detrimento
3427 1620 3517 1677 illo
3564 1621 3656 1678 die
3704 1623 3714 1679 i

563 1722 653 1761 nae
684 1708 930 1779 pelagus
960 1709 1134 1764 nobis
1160 1714 1216 1764 et
1239 1709 1351 1764 illis
1382 1710 1763 1765 obstaculum
1784 1715 2207 1774 exstat,naves-
2246 1727 2289 1779 Β
2319 1710 2483 1765 nium
2515 1710 2839 1782 persensit;
2872 1707 3142 1763 videlicet
3166 1708 3374 1764 fideles
3402 1724 3531 1765 suos
3571 1711 3714 1783 prael

562 1812 677 1867 que
706 1797 926 1851 absunt
964 1797 1062 1865 illi,
1096 1798 1316 1870 quibus
1369 1804 1646 1865 transeat,
1705 1798 2044 1853 nullatenus
2097 1815 2207 1854 nos

560 1882 714 1938 bello
745 1883 1036 1939 lacessere
1068 1888 1268 1950 tentat,
1303 1886 1409 1940 sed
1434 1885 1691 1957 patriam
1721 1891 1940 1940 nostrae
1971 1886 2209 1943 ditionis

560 1971 923 2043 depopulare
952 1979 1129 2044 atque
1156 1990 1421 2029 cremare
1478 1974 1663 2029 nostri
1715 1975 1951 2029 ruboris
2002 1976 2207 2031 confu-

560 2059 725 2114 sione
756 2061 1025 2117 atrociter
1054 2061 1360 2117 deliberat.
1393 2065 1510 2117 Nos
1543 2078 1680 2116 vero
1718 2063 1938 2134 quibus
1992 2064 2208 2120 adsunt

559 2163 763 2213 naves,
797 2148 993 2203 aseitis
1018 2150 1390 2222 principibus
1421 2150 1641 2205 nostris
1671 2151 1749 2205 ad
1779 2151 1907 2206 illos
1940 2156 2207 2207 transea-

562 2250 717 2303 mus,
748 2235 1031 2308 quodque
1074 2240 1189 2291 Deo
1240 2237 1528 2308 placuerit
1580 2239 1729 2292 inter
1780 2255 1889 2293 nos
1941 2242 2206 2312 experia-

560 2338 715 2377 mur.
754 2344 780 2371 ››
810 2323 905 2378 His
934 2324 1128 2393 dictis,
1157 2331 1551 2380 sacrosancte
1604 2327 1903 2381 Genitricis
1964 2328 2060 2383 Dei
2108 2345 2205 2401 pe-

561 2416 689 2467 tens
719 2411 940 2480 aulam,
976 2430 1274 2487 superque
1314 2414 1496 2469 altare
1524 2416 1651 2485 ejus
1678 2416 1913 2487 pretiosi
1944 2418 2207 2473 muneris

560 2514 789 2571 ponens
819 2500 1087 2572 pallium,
1121 2502 1198 2557 ad
1229 2502 1607 2573 profuturum
1641 2502 1893 2558 efﬁcacis
1923 2505 2207 2561 orationis

561 2587 822 2657 confugit
852 2589 1157 2645 auxilium.
1195 2589 1308 2646 Sed
1343 2592 1512 2656 Deus,
1546 2592 1647 2663 qui
1675 2593 1943 2663 superbis
1972 2594 2203 2661 resistit,

560 2675 930 2748 humilesque
962 2678 1246 2733 sublimat
1267 2683 1323 2732 et
1349 2678 1536 2748 erigit,
1558 2680 1952 2736 humillimum
1983 2682 2205 2736 devotae

559 2764 685 2834 ejus
716 2766 905 2836 precis
935 2772 1142 2822 votum
1186 2766 1510 2821 exaudivit.
1564 2768 1877 2823 Tetboldus
1926 2786 2061 2824 vero
2114 2786 2208 2825 co-

557 2868 685 2906 mes
716 2853 1009 2908 malivolze
1040 2854 1381 2908 intentionis
1414 2856 1716 2926 proposito
1765 2857 2208 2927 malignabatur

556 2939 751 2995 feriter
775 2941 836 2995 in
866 2941 1069 2995 tellure
1100 2942 1560 2998 Northmannica
1596 2963 1606 2998 :
1660 2945 2075 3017 profectusque
2120 2950 2211 3000 est

559 3028 925 3100 constipatus
955 3028 1171 3085 ferrata
1199 3031 1321 3086 acie
1354 3048 1539 3102 usque
1580 3033 1655 3088 ad
1705 3050 1873 3089 casas
1926 3035 2206 3089 Hermen-
2246 3065 2287 3120 ε

559 3115 747 3170 trudis
771 3115 937 3182 villae,
960 3116 1019 3171 in
1053 3123 1226 3188 portu
1257 3119 1515 3174 ﬂuminis
1539 3123 1829 3193 Sequanae
1858 3121 2205 3178 altrinsecus

557 3208 765 3259 contra
792 3208 1108 3260 Rotomum
1139 3208 1361 3277 positae.
1398 3209 1720 3265 Ricltarrtus
1751 3227 1887 3265 vero
1936 3212 2204 3267 marchio

557 3291 1005 3346 robustissimus
1051 3294 1289 3349 alterius
1329 3302 1536 3368 portus
1588 3299 1896 3368 navigium
1945 3299 2201 3370 expetiit,

558 3382 800 3451 totaque
830 3387 999 3435 nocte
1050 3384 1336 3456 Sequanae
1396 3390 1771 3441 transmeans
1821 3386 2056 3441 alveum
2113 3404 2202 3442 su-

557 3482 665 3539 per
714 3468 1063 3525 Tetboldum
1093 3471 1354 3528 diluculo
1405 3474 1656 3541 irruens,
1723 3474 1947 3530 bellum
2000 3481 2205 3532 contra

557 3571 694 3611 eum
724 3574 861 3613 cum
882 3560 1089 3630 paucis
1118 3561 1262 3617 iniit.
1299 3567 1358 3617 In
1390 3562 1585 3635 primo
1612 3563 1857 3636 quidem
1879 3580 2205 3634 congressu

555 3647 894 3701 certaminis
940 3649 1364 3720 praeliabantur
1409 3653 1728 3709 decurtatis
1781 3653 1908 3709 telis
1968 3657 2024 3710 et
2074 3654 2204 3708 lan-

555 3736 711 3801 ceis;
744 3735 1007 3791 secundo
1062 3753 1199 3794 vero
1254 3740 1641 3795 mucronibus
1694 3742 1975 3797 coruscis.
2044 3745 2205 3797 Tunc

553 3823 804 3879 robusta
879 3840 1095 3881 manus
1178 3830 1786 3897 Northamannorum,
1871 3830 2205 3899 conjunctis

556 3910 1041 3985 complicatisque
1081 3916 1155 3971 ad
1186 3916 1442 3973 invicem
1486 3917 1729 3991 clypeis,
1776 3918 1900 3973 acie
1956 3933 2206 3973 corusca

556 4015 913 4057 mucronum
958 4006 1331 4073 aggrediens,
1382 4007 1609 4062 invadit
1653 4012 1917 4063 armatos
1964 4006 2206 4061 obstan-

555 4092 758 4160 tesque
792 4091 1170 4162 Francorum,
1227 4100 1284 4149 et
1342 4099 1478 4151 ante
1527 4094 1736 4150 dextra
1779 4099 1835 4149 et
1876 4094 2028 4150 laeva
2055 4094 2205 4149 lace-

554 4193 712 4243 rans,
756 4184 1252 4255 prosternensque
1309 4188 1488 4256 atque
1543 4183 1925 4255 disrumpens
1980 4198 2202 4237 cuneos

554 4265 814 4322 hostium
845 4269 1046 4336 secuit,
1092 4272 1366 4344 equitans
1421 4286 1601 4343 super
1645 4271 1939 4327 cadavera
1982 4271 2201 4327 occiso-

554 4368 707 4421 rum,
738 4356 1110 4414 condensum
1139 4375 1356 4430 agmen
1404 4359 1798 4429 obstantium,
1839 4358 2199 4431 reﬂectitque

552 4443 821 4516 praelium
847 4445 907 4501 in
938 4462 1160 4504 cuneos
1184 4449 1321 4504 hinc
1364 4449 1505 4504 inde
1556 4447 2016 4504 remanentium.
2058 4448 2199 4504 Hinc

552 4532 690 4588 hinc
721 4536 1221 4607 Francigenarum
1250 4541 1478 4606 strages
1524 4534 1794 4603 efﬁcitur,
1851 4536 2200 4609 multigene-

551 4636 669 4693 que
695 4638 909 4679 manus
937 4624 1223 4681 multatur
1254 4629 1312 4680 et
1338 4623 1710 4679 interimitur.
1762 4624 2197 4680 Northmanno-

550 4724 971 4784 rumnamque
1000 4729 1148 4784 gens
1195 4712 1479 4780 belligera
1531 4715 1587 4766 et
1637 4712 1817 4767 etfera
1864 4711 2200 4770 discurrens

550 4804 816 4870 permeat
842 4802 1027 4872 przelii
1057 4801 1404 4857 discrimina
1460 4800 1623 4856 velut
1675 4801 1800 4874 lupi
1854 4818 1959 4875 per
1985 4802 2199 4859 biden-

550 4887 697 4944 tium
723 4888 921 4956 ovilia,
950 4889 1229 4945 occidens
1259 4893 1316 4944 et
1342 4893 1724 4960 prosternens
1754 4890 2017 4947 hostium
2038 4908 2199 4948 seve-

548 4975 686 5031 riter
740 4978 1002 5046 agmina.
1057 4977 1427 5032 Richardidis
1475 4978 1770 5050 siquidem
1839 4980 2199 5036 unanimiter

548 5064 1027 5131 vociferantibus,
1071 5066 1237 5136 quod
1287 5066 1560 5122 Richardi
1608 5068 1807 5138 magni
1854 5069 2024 5124 ducis
2072 5074 2200 5126 erat

549 5153 735 5224 praelii
765 5168 1038 5223 campus,
1064 5153 1286 5209 ﬁducia
1316 5155 1620 5226 praeliandi
1644 5157 1883 5213 recessit
1907 5173 1943 5212 a
1967 5158 2196 5214 Tetbol-

550 5240 705 5296 didis
756 5240 1059 5310 omnibus,
1116 5242 1370 5309 vitaeque
1446 5245 1818 5303 conclamata
1872 5250 1961 5301 est
2008 5246 2193 5303 salus.

552 5327 816 5397 Quisque
844 5342 906 5382 se
933 5327 1242 5386 liberando
1284 5348 1406 5404 quo
1451 5333 1703 5390 divertat
1752 5334 2006 5405 ignorat,
2043 5351 2195 5408 quo-

552 5430 672 5486 que
702 5430 767 5468 se
793 5413 1031 5471 latitans
1073 5419 1422 5477 abscondat.
1479 5421 1587 5477 Alii
1631 5422 1777 5477 lucis
1820 5423 2196 5478 concretione

553 5501 830 5557 fruticum
866 5506 1204 5577 condensis,
1233 5509 1330 5565 alii
1358 5510 1682 5582 paludibus
1731 5512 1887 5568 alnis
1933 5511 2199 5584 populis-

554 5603 674 5661 que
701 5589 943 5648 densius
971 5596 1387 5654 contradicatis
1411 5604 1708 5672 reponunt
1734 5616 1816 5668 se,
1846 5615 1921 5656 ne
1968 5599 2197 5656 occide-

554 5681 759 5734 rentur
787 5693 824 5736 a
851 5682 1288 5744 Northmannis.

2319 1803 2531 1854 stratos
2561 1798 2868 1869 conspexit
2896 1814 2908 1850 :
2942 1798 3069 1869 ipse
3094 1796 3335 1866 fugatus
3377 1802 3430 1853 et
3466 1797 3714 1856 laceratu

2316 1888 2401 1955 tit,
2430 1888 2680 1960 quidam
2713 1886 2868 1941 ﬁlius
2900 1886 3028 1956 ejus
3056 1891 3247 1941 morte
3297 1880 3714 1961 praeoccupatu:

2316 1976 2445 2031 buit
2496 1993 2508 2030 :
2563 1975 2706 2030 urbs
2764 1973 3145 2031 Carnotensis
3202 1980 3259 2030 et
3301 1976 3628 2047 praesidium
3662 1980 3714 2049 ej

2316 2068 2693 2120 concremata
2718 2062 2984 2117 funditus
3014 2063 3147 2119 ruit.
3182 2064 3504 2120 Richardus
3530 2080 3663 2120 vero
3687 2082 3714 2121 r

2315 2151 2579 2207 bonitate
2608 2150 3070 2219 famosissimus,
3103 2151 3424 2207 certamine
3454 2151 3714 2225 prolixaq

2317 2239 2615 2295 secutione
2646 2238 2907 2293 hostium
2936 2238 3214 2308 fatigatus
3259 2242 3566 2295 Botomum
3605 2256 3714 2312 rep

2317 2326 2634 2400 spertinus.
2678 2326 2944 2381 Diluculo
2988 2331 3189 2382 autem
3239 2343 3619 2397 consurgens,
3676 2346 3708 2383 c

2316 2415 2499 2488 praelii
2530 2413 2902 2484 aggrediens,
2933 2419 3243 2471 sexcentos
3273 2416 3669 2488 quadraginta
3698 2434 3714 2472 ι

2314 2502 2635 2574 reperiens,
2670 2501 2872 2556 funere
2896 2507 3201 2557 tantorum
3248 2503 3462 2575 pietate
3507 2504 3714 2559 condol

2315 2590 2484 2661 peliri
2514 2605 2615 2643 eos
2633 2588 2834 2658 jussit,
2860 2590 3023 2644 vivos
3051 2589 3249 2645 adhuc
3274 2590 3484 2647 feretro
3514 2590 3714 2647 leniter

2316 2681 2548 2731 tomum
2602 2676 2900 2747 deportari
2955 2681 3011 2731 et
3057 2677 3258 2733 sanari
3303 2678 3456 2735 fecit.
3493 2681 3714 2734 Prmter:

2316 2764 2686 2837 paludesque
2713 2764 3026 2836 exquirere
3065 2764 3201 2820 fecit
3229 2766 3570 2840 multosque
3600 2783 3714 2822 mo:

2317 2854 2590 2926 plagatos
2620 2853 2851 2925 reperit,
2880 2853 3102 2925 quibus
3129 2854 3344 2911 eadem
3362 2856 3580 2930 pietate
3605 2856 3714 2912 obs

2316 2941 2602 3014 praestitit.

2946 3045 3329 3086 APOSTROPBA.

2317 3118 2550 3185 Gurgite
2580 3117 2830 3174 caeruleo
2863 3120 3154 3190 Sequanae
3182 3122 3344 3175 meat
3380 3120 3700 3175 aestuantis

2317 3209 2382 3261 Et
2414 3212 2608 3261 movet
2639 3207 2904 3275 ingentes
2926 3206 3172 3277 pelagos
3195 3223 3353 3277 vaga
3392 3209 3713 3264 cursitanti

2317 3293 2549 3349 Lambit
2576 3294 2901 3350 odoriferas
2932 3300 2989 3349 et
3014 3295 3282 3363 gramine
3306 3294 3631 3351 ﬂoridante
3664 3297 3714 3351 ri

2315 3468 2554 3525 Molliter
2583 3470 3046 3543 herbarumque,
3075 3487 3281 3527 comas
3320 3471 3488 3529 lavat
3534 3473 3714 3528 unda

2315 3562 2514 3630 Ipsam
2530 3575 2668 3613 cum
2692 3560 2947 3614 reﬂuum
2969 3564 3203 3632 torquet
3222 3576 3388 3616 mare
3410 3560 3714 3617 detrimen

2316 3648 2625 3701 Detrusam
2654 3652 2979 3701 retrorsum
3000 3646 3279 3703 ﬂuctibus
3307 3648 3579 3720 aequoris
3606 3650 3714 3704 mi]

2315 3734 2577 3805 Eptadus
2606 3734 2803 3790 ofﬁcio
2833 3735 3127 3791 mutantia
3153 3735 3247 3791 vel
3273 3741 3591 3792 crementa
3622 3753 3713 3810 pa

2317 3823 2608 3879 Umbroso
2629 3828 2684 3879 et
2711 3823 2906 3879 vestiti
2932 3824 3173 3895 palmite
3204 3825 3567 3897 praenitente
3600 3826 3714 3881 con

2317 3912 2635 3967 Deliciosus
2667 3928 2809 3981 ager
2836 3913 3153 3985 vinetaque
3174 3914 3496 3969 continens
3528 3915 3713 3970 hone

2313 4001 2596 4056 Cursibus
2624 4002 2924 4058 undarum
2952 4001 3189 4072 irriguis
3212 4002 3353 4058 satis
3374 4004 3708 4075 emicantq

2314 4090 2463 4147 Urbs
2483 4107 2604 4162 qua
2619 4090 2975 4163 percelebris
2991 4107 3152 4146 nunc
3168 4094 3418 4147 Rotome
3436 4093 3714 4164 praenite

2315 4179 2588 4235 Labentis
2607 4178 2887 4249 jocundis
2917 4179 3126 4235 usibus
3147 4178 3468 4235 afﬂuenter
3494 4181 3714 4249 annis,

2311 4272 2492 4326 Merce
2521 4268 2742 4340 quibus
2769 4268 2917 4323 varii
2948 4284 3307 4341 componere
3329 4269 3598 4326 faenoris
3632 4287 3714 4342 qr

2315 4357 2425 4413 Sed
2452 4357 2681 4413 munita
2708 4356 2887 4411 nimis
2912 4356 3119 4412 rutilas
3147 4358 3383 4427 magnis
3417 4358 3650 4431 inclyti
3684 4376 3714 4432 ι

2314 4445 2586 4502 Richardi
2615 4446 2837 4501 meritis
2868 4450 2926 4500 et
2952 4445 3221 4501 moribus
3247 4446 3693 4519 undecunque

2308 4534 2419 4600 Qui
2447 4534 2675 4590 virtutis
2706 4533 3188 4606 inexpugnabilis
3220 4533 3526 4591 admitate
3556 4535 3714 4608 plen

2307 4623 2577 4693 Protegit,
2606 4622 2844 4692 exaltat,
2876 4626 3055 4678 temet
3078 4622 3245 4693 regit,
3277 4627 3335 4678 et
3371 4623 3617 4681 fovens
3644 4630 3714 4680 tu

2307 4714 2467 4767 Auro
2494 4712 2630 4785 plus
2655 4714 2936 4767 constans
2964 4711 3164 4766 hostes
3189 4710 3376 4780 fugat,
3408 4712 3644 4769 obstat
3667 4730 3711 4769 a

2306 4799 2559 4858 Marc-hi0
2573 4799 3045 4872 duxque,comes
3064 4799 3353 4856 mirabilis
3367 4806 3432 4857 et
3449 4806 3709 4873 stupen

3558 4892 3711 4962 [mo

2304 4979 2787 5051 Praedignusque,
2846 4979 3096 5052 probus,
3156 4984 3426 5048 sanctus,
3497 4981 3714 5053 pius.

2377 5069 2472 5123 His
2524 5073 2581 5124 et
2626 5068 2972 5139 hujusmodi
3024 5068 3476 5140 triumphaliter
3544 5087 3714 5143 pera

2303 5173 2561 5228 magnus
2644 5156 2971 5213 Richardus
3071 5158 3411 5231 praecipuos
3527 5177 3684 5215 suae

2301 5245 2528 5315 legatos
2581 5245 2659 5301 ad
2708 5245 2949 5301 Daciam
2998 5245 3259 5302 celeriter
3310 5247 3513 5312 misit,
3586 5254 3671 5305 ut

2301 5332 2646 5390 bustissima
2702 5336 2993 5390 Dacorum
3050 5334 3377 5390 accelerato
3448 5335 3714 5405 juvam

2303 5427 2561 5478 curreret
2630 5422 2729 5477 illi.
2811 5423 2950 5478 Daci
3020 5440 3159 5479 vero
3233 5424 3325 5479 his
3400 5424 3714 5494 legatio:

2302 5510 2454 5565 lares
2486 5551 2503 5580 ,
2579 5511 2794 5583 aptatis
2868 5512 3245 5584 onerastique
3318 5512 3622 5568 navibus

2303 5600 2730 5670 aggrediuntur
2800 5604 3095 5658 Botonum
3159 5601 3558 5660 festinanter.
3659 5607 3714 5660 Ι)

2303 5688 2816 5745 constantissimus
2844 5731 2860 5759 ,
2936 5692 3113 5747 tantae
3183 5690 3641 5749 multitudinis
