3980 6382
159 292 260 344 737

657 288 748 342 DE
787 286 1032 344 GESTIS
1070 287 1503 344 NORMANNI/E
1544 283 1779 340 DUCUM
1819 281 1999 336 LIBRI
2038 282 2236 341 TRES.
2268 316 2338 328 —
2370 287 2500 345 LIB.
2542 288 2631 344 ΠΙ.
2660 289 3084 348 RICHARDUS.

3480 297 3586 351 738

157 412 551 484 conspiciens,
577 428 819 483 suaeque
841 411 1268 481 indignationis
1294 408 1814 479 animositatisque
1841 409 1886 460 Α
1927 423 2060 462 sum
2090 409 2245 465 illius
2293 412 2661 468 adversitatis
2694 432 2707 482 ;
2760 414 3014 470 delubra
3053 415 3452 488 ecclesiasque
3506 418 3585 474 ab

157 502 625 558 malivolentiam
679 502 982 558 vindicare
1015 502 1310 572 ambiens,
1358 507 1556 575 petere
1588 498 1816 554 Givoldi

154 591 378 646 fossam
407 591 605 662 jussit,
642 596 697 646 et
725 590 1038 646 devastare
1095 607 1231 663 quae
1263 595 1430 646 erant
1459 587 1731 644 Tetboldi
1761 591 1818 642 et

152 681 327 747 regis.
365 681 501 736 Daci
532 697 672 735 vero
711 679 849 735 hinc
899 680 1208 747 abeuntes,
1266 695 1564 753 superque
1614 694 1815 748 regem

154 775 210 824 et
237 770 589 826 Tetboldum
619 769 1092 838 congredientes,
1125 769 1652 842 depOpulabantur
1681 782 1815 839 quae

151 858 530 930 reperiebant
559 857 977 913 indifferenter.
1041 857 1195 912 Villis
1229 858 1588 912 rusticorum
1627 855 1817 910 omni-

149 947 266 1001 bus
294 947 633 1014 devastatis,
662 947 1013 1002 suburbana
1041 946 1460 1014 incendebant,
1484 952 1661 1018 atque
1693 961 1819 999 cas-

149 1036 292 1092 tella
315 1036 766 1108 plurimahumo
790 1042 961 1092 tenus
990 1035 1464 1108 prosternebant.
1497 1036 1816 1092 Obstantes

150 1124 266 1180 sibi
313 1125 628 1180 crudeliter
683 1125 1056 1191 occidebant,
1118 1130 1514 1196 caeteramque
1563 1141 1815 1179 manum

148 1212 423 1268 ﬂebiliter
475 1213 553 1268 ad
610 1230 794 1268 naves
852 1213 1171 1268 vexabant.
1229 1213 1535 1269 Desolatur
1558 1213 1714 1282 regis
1760 1218 1814 1268 et

152 1299 431 1357 Tetboldi
462 1302 694 1357 comitis
724 1302 921 1357 omnis
953 1308 1107 1358 terra
1139 1301 1356 1357 talibus
1388 1301 1660 1356 hostibus
1716 1316 1816 1356 ne-

147 1390 344 1461 quiter
367 1390 607 1446 afﬂicta.
658 1394 866 1446 Fames
915 1391 1204 1461 oboritur,
1255 1391 1398 1463 quia
1431 1395 1584 1446 terra
1615 1394 1812 1446 aratro

148 1494 458 1551 nusquam
531 1479 840 1535 scinditur.
892 1481 1112 1545 Pervia,
1190 1480 1423 1552 viaeque
1475 1484 1532 1535 et
1588 1479 1810 1534 semitae

146 1567 520 1635 ignorantur,
545 1569 688 1641 quia
718 1585 753 1624 a
784 1569 1020 1624 nemine
1048 1569 1311 1624 calcibus
1328 1573 1678 1624 atteruntur.
1707 1570 1809 1624 Sa-

145 1656 241 1711 lus
272 1673 532 1730 spesque
561 1675 594 1712 a
619 1659 838 1714 ﬁducia
864 1677 900 1715 a
925 1659 1175 1714 residuis
1207 1659 1643 1726 conclamatur;
1668 1659 1811 1730 quia

146 1745 436 1800 universae
467 1747 812 1818 pestilentia:
843 1747 1172 1815 ignominia
1194 1747 1808 1817 aﬂliguntur.Richar-
1835 1758 1876 1812 Β

145 1833 207 1889 di
237 1852 380 1890 vero
407 1836 613 1905 magni
644 1837 813 1891 ducis
869 1841 1022 1892 terra
1069 1837 1261 1892 solida
1290 1843 1438 1901 arat,
1497 1841 1554 1892 et
1583 1837 1805 1909 quieta,

145 1940 256 1978 nec
287 1924 466 1980 ullius
497 1925 850 1981 calamitatis
876 1931 1043 1998 peste
1101 1926 1338 1989 afﬂicta,
1367 1927 1467 1981 sed
1516 1925 1684 1982 liberi
1717 1943 1806 1982 ar-

143 2012 301 2068 bitrii
324 2013 530 2070 labore
562 2015 640 2070 ab
669 2016 951 2071 omnibus
989 2017 1324 2072 exercitata.
1362 2017 1621 2088 Quisque
1647 2016 1807 2072 colo-

144 2117 260 2155 nus
313 2103 480 2175 quod
540 2104 845 2159 ambiebat
896 2105 1080 2159 libere
1137 2105 1373 2171 agebat,
1419 2105 1807 2178 possibilitate

145 2208 270 2246 suae
309 2193 629 2248 voluntatis
660 2201 961 2266 percepta.
1017 2198 1214 2250 Tantae
1243 2195 1642 2250 altercationis
1682 2201 1809 2250 tan-

143 2284 340 2352 taeque
371 2281 557 2336 cladis
588 2283 1069 2338 Northmannicaa
1101 2287 1157 2338 et
1210 2283 1434 2355 rapinas
1480 2288 1652 2338 nocte
1684 2284 1808 2339 die-

142 2384 258 2440 que
278 2369 612 2426 innumeris
636 2371 876 2426 casibus
904 2388 1027 2427 uno
1056 2371 1242 2428 lustro
1273 2388 1424 2444 pene
1447 2371 1684 2438 afflicta,
1713 2387 1812 2427 ne-

141 2457 356 2528 quibat
385 2458 643 2530 amplius
692 2459 838 2514 tanti
882 2459 1190 2515 infortunii
1246 2459 1395 2515 ferre
1440 2460 1806 2516 discrimina.

142 2548 282 2602 Tota
313 2547 489 2615 igitur
519 2547 636 2603 fere
666 2551 909 2604 Francia
939 2549 1204 2604 Tetboldi
1233 2549 1502 2617 regimini
1539 2550 1808 2621 subjecta

143 2635 220 2690 ab
250 2635 464 2691 incolis
496 2636 946 2710 derelinquitur,
975 2638 1235 2694 ecclesia:
1286 2639 1380 2693 his
1412 2639 1651 2694 casibus
1682 2639 1812 2693 des-

143 2723 329 2779 titutae
361 2741 396 2780 a
426 2725 591 2782 nullo
616 2726 961 2782 Christicola
1009 2727 1477 2798 frequentantur.
1528 2727 1811 2783 Praesules

141 2813 321 2883 igitur
350 2814 528 2870 totius
555 2816 814 2871 Francia!
843 2816 1389 2871 Northmannorum
1432 2832 1810 2888 paganorum

145 2903 435 2959 saevitiam
463 2905 728 2976 perpessi
779 2909 1261 2960 eonvocaverunt
1311 2911 1578 2960 sanctam
1637 2921 1812 2977 syno-

145 2991 315 3060 dum,
345 2993 494 3064 quid
522 2999 767 3061 agerent
797 2992 1130 3058 scrutaturi,
1165 2993 1309 3064 quia
1347 2994 1588 3048 casibus
1634 2994 1809 3049 innu-

145 3081 324 3135 meris
353 3081 940 3154 quampluribusque
985 3081 1298 3148 incendiis,
1351 3082 1702 3154 rapinisque
1757 3088 1878 3161 etc

144 3169 695 3242 depraedationibus
727 3171 1114 3242 permaximis
1171 3171 1389 3239 vexati,
1431 3171 1812 3240 agitabantur

147 3259 504 3316 Christicolae
539 3261 792 3331 subjecti
823 3261 1120 3333 periculis.
1153 3260 1472 3316 Tetboldus
1498 3277 1638 3316 vero
1669 3261 1811 3317 dolo

145 3347 536 3404 fraudulentae
569 3349 928 3417 intentionis,
964 3349 1324 3419 suggerebat
1350 3350 1500 3405 falso
1516 3350 1812 3422 pontiﬁci-

143 3435 256 3492 bus
277 3443 339 3494 et
389 3438 668 3512 palatinis
698 3439 864 3511 quod
889 3455 1000 3511 pro
1033 3444 1187 3494 statu
1219 3437 1559 3510 reipublicae
1590 3446 1646 3495 et
1673 3440 1816 3496 fide-

144 3525 301 3584 litate
333 3529 490 3599 regis
531 3529 764 3598 agitans
792 3530 992 3600 jurgia
1017 3528 1326 3584 rixabatur
1355 3547 1492 3584 cum
1520 3531 1813 3587 Richardo

145 3621 199 3671 et
222 3617 506 3689 paganis.
545 3617 813 3690 Episcopi
865 3623 1085 3684 autem,
1120 3617 1356 3686 cognita
1387 3619 1437 3672 ei
1469 3619 1674 3674 audita
1711 3620 1814 3675 bo-

144 3705 324 3762 nitate
360 3707 721 3762 sanctissimi
751 3706 921 3762 ducis
953 3705 1248 3772 Richardi,
1299 3707 1675 3764 mirabantur
1722 3727 1816 3764 su-

145 3810 250 3866 per
280 3796 454 3852 dictis
498 3795 760 3852 Tetboldi
785 3796 1035 3851 comitis.
1071 3796 1254 3865 Hujus
1298 3796 1476 3864 igitur
1514 3797 1596 3852 rei
1628 3799 1816 3866 gratia

148 3885 400 3940 consulti
432 3884 832 3956 deprecantur
865 3889 1288 3941 Carnotensem
1344 3885 1689 3956 praesulem,
1719 3903 1816 3942 cu-

144 3972 240 4042 jus
271 3972 596 4028 voluntatis
628 3978 781 4028 esset
805 3973 925 4028 dux
960 3988 1218 4041 magnus
1249 3972 1582 4028 Richardus
1615 3973 1814 4030 scisci-

150 4060 254 4115 tari
288 4076 473 4132 super
498 4060 790 4132 pestifera:
817 4077 1084 4132 penuriae
1115 4059 1442 4129 ignominia
1473 4065 1529 4116 et
1576 4061 1817 4117 calami-

150 4148 300 4205 tatis.
339 4153 592 4206 Coactus
617 4153 820 4205 autem
850 4149 1092 4205 monitis
1148 4148 1664 4221 coepiscoporum,
1708 4153 1816 4207 mi-

150 4237 220 4293 sit
244 4238 578 4310 quemdam
611 4238 982 4294 monachum
1029 4237 1106 4292 ad
1155 4237 1372 4292 ducem
1430 4238 1810 4308 Richardum,

149 4327 250 4397 qui
277 4327 428 4381 dixit
457 4326 505 4381 ei
539 4327 722 4397 hujus
753 4326 1064 4395 legationis
1103 4325 1458 4381 mandatum
1493 4343 1507 4382 :
1542 4346 1572 4380 ‹
1600 4330 1815 4385 Carno-

150 4414 332 4469 tensis
355 4415 675 4486 episcopus
703 4413 805 4470 tibi
836 4413 1010 4469 ﬁdele
1036 4414 1377 4469 orationum
1401 4431 1644 4471 munus.
1676 4418 1813 4472 Am-

148 4502 232 4558 bit
262 4519 532 4574 namque
578 4509 630 4558 te
670 4503 938 4572 aggredi,
994 4503 1337 4575 mutuisque
1384 4503 1665 4560 affatibus
1711 4506 1814 4562 tibi

151 4591 540 4646 sermocinari
573 4610 586 4648 :
623 4591 759 4647 ideo
807 4591 1071 4664 postulat
1097 4591 1313 4647 ducem
1368 4598 1424 4648 et
1453 4593 1811 4650 advocatum

147 4679 372 4736 itineris
407 4680 519 4747 sui,
548 4681 960 4752 viatoremque
1022 4679 1136 4736 sibi
1161 4680 1310 4746 dari,
1345 4697 1419 4736 ne
1461 4681 1607 4738 forte
1637 4683 1814 4739 devo-

148 4773 276 4823 rent
306 4768 794 4841 manducentque
834 4785 895 4823 se
940 4767 1023 4823 tui
1077 4768 1302 4824 diaboli
1351 4773 1408 4824 et
1457 4769 1602 4841 lupi.
1637 4795 1663 4820 ››
1717 4772 1814 4826 His

149 4855 368 4910 auditis
393 4855 722 4911 Richardus
750 4855 873 4910 dux
895 4855 1309 4911 serenissimus
1340 4857 1677 4926 subridens,
1709 4857 1816 4913 mi-

150 4945 221 5000 sit
251 4945 358 5017 qui
405 4945 767 5002 conduceret
795 4946 870 5002 ad
899 4963 960 5003 se
991 4947 1342 5019 episcopum
1374 4948 1607 5003 salvum
1638 4952 1694 5003 et
1722 4947 1814 5002 in-

151 5034 452 5089 columen.
487 5034 820 5090 Adveniens
850 5050 1114 5107 namque
1153 5034 1248 5090 ille
1273 5034 1400 5089 infit
1429 5035 1567 5090 duci
1588 5051 1814 5104 magno

149 5122 444 5178 Richardo
475 5139 487 5177 :
526 5145 554 5172 ‹‹
584 5122 1011 5194 Metropolitani
1038 5139 1173 5178 cum
1236 5122 1608 5195 coepiscopis
1641 5126 1814 5178 Fran-

149 5210 289 5266 cicre
319 5211 510 5280 gentis
541 5210 645 5265 tibi
673 5210 1066 5266 indeﬁcientis
1106 5225 1360 5266 munera
1383 5209 1689 5266 orationis.
1725 5211 1818 5268 Mi-

149 5313 358 5353 ramur
377 5314 642 5370 namque
673 5299 914 5372 stupidi,
944 5315 1082 5354 cum
1105 5298 1293 5354 cultor
1317 5299 1415 5354 Dei
1447 5298 1816 5355 Christicola-

149 5405 264 5461 que
291 5388 635 5461 praecipuus
664 5389 724 5444 in
754 5393 876 5445 toto
898 5391 1041 5445 orbe
1067 5389 1528 5454 nomineris,cur
1543 5405 1816 5461 paganos

148 5478 408 5534 insanire
455 5478 516 5534 in
540 5479 903 5536 Christianos
933 5479 1210 5536 severiter
1239 5479 1571 5552 permittis?
1600 5482 1814 5534 Trans-

150 5572 324 5623 eunte
368 5585 462 5623 me
493 5571 670 5624 tutela
692 5572 803 5622 tuae
822 5568 1234 5624 advocationis
1254 5568 1709 5624 formidolosam
1733 5573 1820 5639 ty-

148 5655 466 5712 rannidem
495 5657 831 5712 hostilitatis
855 5657 1100 5712 colonos
1121 5658 1300 5728 hujus
1324 5658 1543 5714 telluris
1574 5673 1814 5712 securos

150 5742 416 5801 hostium
447 5744 636 5819 reperi
663 5765 676 5815 ;
709 5762 818 5802 nec
868 5745 1276 5803 formidabant
1312 5746 1691 5821 repentinum
1711 5761 1816 5804 ,ca-

1925 497 2134 555 incolis
2165 508 2514 558 veneranter
2547 503 2910 576 perlustrari,
2943 506 3414 579 mysteriumque
3441 508 3587 563 divi-

1926 589 1986 642 ni
2014 589 2190 645 otlicii
2218 592 2562 648 solemniter
2589 594 2871 666 conspexi
2931 595 3215 650 celebrari
3247 614 3259 663 ;
3289 596 3587 669 quidquid

1925 692 2068 732 vero
2093 679 2168 733 ad
2205 679 2430 734 cultum
2453 697 2606 735 verae
2633 681 2771 736 fidei
2793 681 2999 738 attinet
3028 682 3396 739 incessanter
3425 701 3588 741 exse-

1926 765 2051 836 qui,
2085 767 2389 823 christiani
2419 769 2681 824 nominis
2713 769 2896 825 fidem
2929 772 3322 837 augmentari.
3357 776 3471 828 Nos
3501 779 3585 830 at-

1926 854 2170 910 terimus
2201 857 2427 929 rapinis
2453 861 2509 912 et
2536 857 2851 928 incendiis,
2878 859 3024 930 quin
3051 859 3229 916 etiam
3259 863 3582 933 repentinis

1926 944 2506 1017 nocturnalibusque
2561 947 2800 1001 casibus
2846 947 3092 1012 mortis;
3150 953 3206 1004 et
3233 949 3582 1019 ignoramus

1926 1031 2097 1102 cujus
2127 1033 2469 1089 intentionis
2500 1036 2806 1108 proposito
2837 1037 2950 1091 hoc
2998 1037 3191 1092 scelus
3235 1039 3580 1098 detestabile

1924 1122 2230 1192 peragitur
2256 1123 2454 1179 nobis.
2484 1126 2614 1190 Quo
2645 1125 2801 1180 circa
2822 1141 3141 1198 precamur
3161 1128 3581 1196 obnixe,ﬂexis

1923 1210 2190 1282 corporis
2238 1211 2542 1284 animique
2591 1213 2939 1284 poplitibus,
2974 1219 3036 1268 ut
3065 1216 3235 1286 cujus
3264 1217 3346 1272 rei
3395 1235 3582 1276 causa

1922 1296 2036 1352 hoc
2065 1299 2426 1355 exsecrabile
2452 1300 2876 1356 detrimentum
2912 1303 3202 1358 Francicae
3234 1306 3422 1373 gentis
3449 1324 3580 1379 per-

1921 1386 2134 1456 agitur,
2173 1389 2350 1443 nobis
2395 1393 2450 1444 te
2482 1389 2561 1444 ob
2591 1391 2705 1445 hoc
2735 1391 3033 1458 aggressis
3069 1408 3345 1449 sermone
3375 1397 3579 1452 verita-

1921 1473 1992 1529 tis
2023 1476 2382 1531 enucleetur.
2421 1497 2449 1529 ›
2479 1481 2638 1532 'l‘unc
2668 1478 2790 1532 dux
2823 1479 3148 1534 Richardus
3178 1498 3353 1537 verax
3375 1489 3577 1554 etjus-

1920 1567 2015 1618 tus
2051 1581 2063 1617 :
2098 1587 2122 1612 ‹‹
2159 1566 2528 1622 Memoresne
2585 1566 3032 1622 reminiscimini
3088 1575 3224 1625 ante
3277 1571 3575 1629 malorum

1919 1666 2192 1707 meorum
2215 1658 2590 1724 peractorum
2612 1659 2667 1709 et
2693 1658 3182 1712 retractatorum?
3199 1661 3404 1714 Nonne
3420 1660 3576 1716 frau-

1920 1739 2165 1797 dulento
2193 1742 2458 1798 Tetbolbi
2488 1743 2718 1798 comitis
2769 1745 3149 1811 suggestione
3181 1754 3432 1804 conatus
3489 1755 3578 1807 est

1920 1831 2118 1885 Bruno
2165 1831 2288 1886 dux
2349 1833 2743 1888 Lotbariensis
2774 1850 2869 1888 me
2921 1834 3192 1906 decipere
3223 1837 3251 1891 ?
3292 1839 3574 1910 Nunquid

1916 1934 2040 1973 non
2071 1919 2295 1975 dolosis
2327 1921 2727 1993 falsidicisque
2759 1922 3027 1990 ejusdem
3053 1925 3283 1980 comitis
3307 1928 3576 1997 ambagi-

1914 2006 2030 2061 bus
2062 2023 2162 2063 rex
2185 2009 2490 2064 l.otharius
2512 2009 2798 2081 deceptus
2818 2010 3061 2065 molitus
3083 2017 3170 2068 est
3191 2031 3284 2068 me
3306 2032 3576 2089 compre-

1914 2095 2175 2151 hendere
2202 2102 2306 2152 aut
2333 2098 2624 2167 occidere,
2665 2115 2845 2170 quem
2877 2103 3027 2154 Deus
3075 2102 3223 2157 eruit
3255 2120 3365 2159 sua
3404 2105 3574 2177 larga

1915 2185 2296 2240 miseratione
2328 2187 2354 2240 ?
2407 2190 2611 2241 Nonne
2656 2187 2815 2242 idem
2873 2205 3075 2244 comes
3127 2191 3397 2248 Lothario
3451 2195 3576 2263 regi

1918 2274 2242 2344 spopondit
2271 2275 2800 2330 Northmannicam
2853 2277 3181 2348 regionem,
3213 2279 3258 2333 si
3298 2279 3378 2334 illi
3408 2281 3577 2337 daret

1918 2361 2444 2434 Ebroicam,quam
2475 2363 2658 2418 modo
2681 2369 2857 2434 tenet,
2875 2365 3175 2422 civitatem
3202 2367 3228 2422 ?
3261 2371 3572 2438 Caeterum,

1915 2466 2117 2505 nonne
2144 2451 2464 2506 devastans
2486 2457 2542 2507 et
2567 2453 2892 2508 incendens
2922 2453 3217 2510 lacessivit
3233 2473 3326 2511 me
3344 2457 3422 2512 ad
3442 2474 3576 2530 por-

1917 2545 2043 2595 tum
2060 2541 2681 2609 ltotomi,conglobata
2706 2541 2956 2597 immani
2985 2543 3388 2601 hostilitate?»
3413 2550 3572 2602 Tunc

1917 2629 2137 2701 praesul
2169 2646 2182 2684 :
2217 2653 2242 2678 ‹‹
2276 2633 2400 2685 Non
2425 2630 2475 2684 ei
2509 2630 2793 2685 talionem
2822 2631 3051 2686 debetis
3082 2633 3156 2687 de
3186 2633 3572 2706 blasphema-

1919 2719 2076 2774 tione
2106 2719 2262 2773 illius
2284 2719 2745 2791 provocationis.
2783 2721 2895 2776 Sed
2940 2720 3034 2776 ille
3065 2738 3267 2778 comes
3294 2724 3480 2794 jactat
3512 2743 3572 2781 se

1918 2824 2252 2880 repugnare
2285 2813 2341 2864 et
2380 2808 2654 2864 reluctari
2685 2815 2890 2865 contra
2921 2814 2973 2864 te
3001 2809 3079 2864 ob
3123 2817 3343 2868 statum
3373 2831 3572 2870 sacro-

1919 2901 2138 2952 sanctae
2172 2897 2462 2976 Ecclesiae,
2491 2897 2690 2969 reique
2717 2897 3428 2974 publicaeQualicumque
3449 2919 3574 2958 mo-

1919 2985 1998 3040 do
2028 3001 2130 3039 rex
2153 2985 2380 3040 scelesti
2409 2985 2627 3053 negotii
2678 3003 2738 3041 se
2765 2986 3007 3053 habeat,
3041 3004 3356 3059 precamur
3384 2991 3573 3063 impe-

1918 3079 2070 3129 trare
2100 3074 2266 3145 pacis
2285 3075 2750 3141 incrementa,ut
2770 3075 3007 3143 gloriari
3038 3077 3238 3132 valeas
3270 3095 3408 3134 cum
3425 3081 3577 3153 epis-

1918 3163 2086 3236 copis
2115 3170 2171 3220 et
2200 3181 2337 3235 rege
2397 3164 2690 3233 Lothario,
2751 3165 2984 3237 ipsique
3041 3173 3097 3222 et
3146 3167 3274 3240 ipse
3305 3170 3379 3224 de
3401 3175 3454 3225 te
3476 3171 3576 3226 tali

1919 3253 2070 3308 duce
2093 3257 2148 3308 et
2177 3258 2433 3325 patrono
2484 3253 2997 3310 christianissimo.
3034 3277 3061 3305 »
3093 3257 3420 3314 Richardus
3473 3276 3576 3315 au-

1918 3345 2039 3396 tem
2065 3343 2639 3414 praepotentissimus
2697 3359 3132 3411 recognoscens
3171 3347 3403 3402 nullum
3455 3354 3574 3404 tam

1921 3434 2040 3486 Deo
2066 3432 2430 3503 acceptabile
2459 3432 2875 3488 holocaustum
2912 3437 2968 3488 et
2993 3436 3350 3491 sacrificium
3389 3455 3575 3510 quam

1919 3521 2086 3592 pacis
2117 3520 2570 3585 incrementum,
2625 3521 2998 3592 diligensque
3029 3527 3093 3577 ut
3115 3524 3333 3592 vivere,
3367 3528 3575 3597 paciﬁ-

1922 3626 2056 3665 care
2090 3610 2435 3664 Francicam
2453 3616 2509 3664 et
2524 3610 3054 3665 Northmannicum
3072 3627 3347 3681 regnum,
3366 3631 3576 3672 verum

1921 3698 2132 3754 nolens
2164 3697 2576 3752 demonstrare
2605 3703 2848 3769 propter
2876 3699 3226 3755 Tetboldum
3248 3703 3462 3758 mentis
3491 3704 3576 3759 af-

1922 3787 2162 3852 fectum,
2186 3786 2333 3841 dixit
2359 3785 2598 3857 praesuli
2627 3786 2988 3842 internuntio
3031 3789 3526 3863 coepiscoporum
3559 3810 3573 3848 :

1925 3876 1980 3933 Si
2007 3876 2283 3948 paganis,
2307 3875 2425 3930 huc
2451 3880 2694 3947 propter
2732 3892 2828 3930 me
2874 3877 3189 3946 aggressis,
3223 3880 3415 3950 passis
3450 3881 3576 3936 feli-

1921 3965 2155 4021 citatem
2187 3965 2504 4037 impetrare
2535 3964 2783 4036 quivero
2814 3965 3047 4035 ignoro,
3076 3967 3256 4037 hujus
3282 3969 3361 4023 rei
3394 3987 3578 4027 causa

1920 4060 2141 4110 nutans
2168 4053 2377 4110 titubo.
2403 4055 2778 4125 Quapropter
2808 4056 3130 4127 assumptis
3151 4061 3346 4113 tecum
3371 4059 3579 4132 aliqui-

1919 4145 2035 4200 bus
2063 4143 2475 4216 coepiscorum
2505 4148 2561 4198 et
2591 4143 3014 4214 palatinorum,
3048 4147 3292 4214 aggredi
3314 4163 3410 4203 me
3438 4165 3578 4204 cum

1921 4234 2010 4290 sol
2032 4233 2382 4289 mediaverit
2427 4248 2697 4287 mensem
2726 4233 2962 4300 Maium,
3011 4235 3366 4307 interimque
3395 4254 3578 4293 cona-

1921 4324 2034 4379 bor
2059 4336 2439 4393 compescere
2485 4320 2798 4376 blandiens
2829 4323 3270 4378 contumaciam
3318 4324 3578 4381 ferocem

1921 4410 2330 4481 arrogantium
2364 4425 2816 4481 paganorum.»
2876 4415 2955 4466 Eo
2982 4417 3185 4467 autem
3210 4414 3355 4485 quid
3412 4415 3579 4470 audi-

1919 4502 2003 4556 vit
2050 4517 2086 4555 a
2117 4498 2410 4554 Richardo
2460 4514 2684 4567 magno
2735 4499 2908 4566 duce,
2963 4501 3087 4569 regi
3125 4506 3180 4556 et
3209 4503 3580 4575 coepiscopis

1920 4589 2318 4657 renuntiante,
2346 4587 2544 4642 statim
2570 4587 2990 4643 animadvertit
3017 4591 3426 4662 comperitque
3452 4592 3578 4649 sine

1922 4696 2032 4736 suo
2063 4677 2308 4734 consilio
2366 4675 2685 4732 Tetboldus
2745 4693 2946 4732 comes
2976 4692 3188 4749 pacem
3228 4679 3577 4750 requisitam

1921 4786 2072 4825 esse.
2129 4766 2434 4839 Extemplo
2491 4765 2654 4821 misit
2708 4766 3037 4838 quemdam
3091 4770 3460 4824 monachum
3499 4771 3578 4826 ad

1921 4859 2139 4914 ducem
2190 4872 2484 4925 magnum
2529 4855 2908 4920 Richardum,
2965 4856 3397 4929 subsequentia
3447 4875 3578 4914 ver-

1922 4947 2003 5003 ba
2052 4945 2348 5001 dicturum
2385 4963 2397 4999 :
2434 4967 2460 4993 «
2494 4945 2706 4999 Comes
2736 4944 3056 4999 Tetboldus
3107 4945 3209 5000 tibi
3257 4945 3464 5001 ﬁdeles
3496 4947 3580 5002 fa-

1923 5035 2204 5091 mulatus.
2250 5032 2665 5100 Quorumdam
2713 5035 2930 5088 etenim
2991 5037 3349 5090 Francorum
3388 5051 3579 5107 pravo

1923 5123 2174 5180 consilio
2218 5123 2557 5195 deceptum,
2593 5122 2900 5192 jurgatum
2959 5138 3087 5177 esse
3133 5129 3340 5179 contra
3370 5129 3422 5180 te
3453 5125 3580 5180 sine

1921 5232 1984 5270 re
2012 5219 2068 5269 et
2087 5205 2343 5269 rixatum
2374 5211 2622 5284 pmnitet
2650 5227 2710 5266 se
2739 5215 2796 5266 et
2841 5211 3047 5267 fecisse
3073 5213 3239 5285 quod
3287 5214 3419 5270 fecit
3448 5231 3580 5271 ma-

1922 5305 2070 5371 lum,
2095 5306 2152 5357 et
2179 5299 2489 5373 profitetur
2527 5315 2589 5354 se
2618 5299 2954 5371 quidquam
2985 5301 3129 5356 mali
3178 5302 3436 5374 amplius
3457 5319 3579 5359 non

1923 5393 2244 5448 facturum.
2278 5388 2498 5457 Ambit,
2554 5387 2602 5442 si
2656 5386 2816 5454 libet,
2864 5387 2966 5443 tibi
3021 5391 3302 5446 secretius
3354 5396 3419 5446 ut
3457 5407 3578 5447 ser-

1921 5498 2032 5537 vus
2059 5477 2309 5534 Domino
2341 5476 2471 5545 fari,
2512 5475 2838 5548 reddetque
2888 5477 2992 5533 tibi
3046 5480 3346 5548 Ebroicas,
3395 5497 3582 5552 quam

1922 5587 2025 5626 rex
2052 5567 2155 5624 tibi
2183 5565 2444 5632 abstulit,
2467 5565 2546 5621 ob
2574 5566 2826 5634 gratiam
2853 5569 3078 5624 amoris
3107 5569 3210 5626 tui.
3257 5573 3432 5625 Terra
3455 5585 3581 5625 suae

1922 5654 2162 5709 ditionis
2221 5652 2490 5723 subjecta
2556 5656 2880 5726 tyrannicae
2935 5655 3256 5723 hostilitati,
3307 5657 3580 5729 depopu-

1921 5743 2078 5801 latur
2142 5742 2366 5815 rapinis
2412 5747 2469 5800 et
2523 5744 2878 5814 incendinis,
2937 5762 3048 5804 nec
3099 5747 3255 5803 valet
3305 5744 3580 5806 resistere
