3878 6402
769 269 876 327 739

1738 262 2045 329 DUDONIS
2081 259 2342 323 DECANI
2381 262 2437 321 S.
2478 260 2784 327 QUINTINI
2819 261 3201 323 VIROMAND.

773 389 1017 447 saevitia
1068 393 1248 446 tantas
1300 386 1712 455 multitudinis,
1766 402 1962 458 neque
2018 385 2254 457 placare
2279 400 2415 441 eam
2447 388 2495 448 Α
2534 384 2697 442 omni
2728 385 3069 457 supellectili
3095 390 3161 443 ut
3177 386 3438 459 jussum
3481 389 3658 441 erat
3692 401 3734 440 e

772 482 1058 549 congesto
1088 477 1275 549 pretio
1305 478 1479 537 totius
1508 476 1692 545 regni,
1725 475 1836 532 nisi
1862 492 1966 548 per
2006 480 2060 531 te
2101 476 2208 547 qui
2235 475 2419 546 impe-

772 574 933 629 rator
962 583 1026 625 es
1051 566 1230 637 hujus
1256 565 1357 621 rei.
1398 568 1673 621 Precatus
1735 564 1901 621 ﬂexis
1931 564 2185 633 genibus
2215 579 2421 635 corpo-

771 655 852 713 ris
882 660 937 717 et
964 654 1171 723 animi,
1204 659 1268 710 ut
1294 652 1610 721 indulgeas
1639 656 2032 709 sacrosancta
2075 651 2339 708 Ecclesiae
2367 655 2424 707 et

770 743 1051 802 desolata;
1079 742 1258 815 plebi,
1282 747 1340 798 et
1370 741 1595 799 habeas
1619 756 1679 796 se
1706 740 1943 799 ﬁdelem
1969 739 2262 796 famulum
2293 739 2419 808 tibi,

770 847 1159 905 compescens
1179 830 1493 903 pestiferos
1552 829 1825 885 incursus
1874 828 2181 898 Dacigenaa
2223 828 2423 885 feroci-

768 922 923 978 tatis.
958 942 988 971 ιν
1021 920 1347 977 Richardus
1371 934 1508 974 vero
1537 918 1659 973 dux
1707 918 1800 973 his
1835 917 2072 982 auditis,
2129 916 2305 972 tacito
2334 916 2421 973 af-

767 1009 926 1066 fectu
967 1008 1182 1064 mentis
1235 1011 1350 1063 Deo
1404 1011 1599 1076 grates
1653 1006 1791 1076 egit,
1844 1005 2145 1063 monacho
2176 1020 2421 1075 quoque

772 1098 1084 1156 subintulit
1114 1114 1127 1152 :
1161 1118 1188 1149 α
1224 1097 1281 1153 Si
1326 1112 1460 1167 quae
1511 1095 1769 1166 loqueris
1826 1110 2040 1153 verane
2093 1109 2224 1150 esse
2284 1109 2421 1165 pos-

771 1188 963 1247 sunt?
992 1209 1018 1236 ι»
1066 1185 1431 1258 Respondit:
1491 1187 1713 1252 «Vera,
1771 1188 1828 1238 et
1882 1199 2003 1239 non
2042 1183 2213 1251 gestit
2258 1182 2422 1239 aliud

770 1274 1125 1333 beneﬁcium
1156 1273 1499 1345 promereri,
1526 1272 1782 1328 reddens
1813 1271 2302 1327 Ebroicacensem
2328 1286 2421 1324 ur-

767 1365 909 1422 bem
938 1363 1062 1431 tibi,
1087 1362 1200 1419 nisi
1230 1378 1615 1434 perseverans
1636 1360 2012 1433 propositum
2041 1366 2155 1417 tuae
2176 1360 2419 1417 interna:

767 1452 1097 1509 dilectionis
1129 1469 1142 1518 ;
1171 1457 1234 1507 ut
1263 1468 1381 1523 pax
1411 1456 1469 1506 et
1495 1450 1816 1507 concordia
1866 1448 2292 1505 indissolubilis
2321 1448 2421 1505 {oz-

767 1541 924 1598 deris
990 1545 1233 1596 maneat
1288 1539 1601 1598 vobiscum
1648 1538 1875 1595 cunctis
1933 1537 2147 1592 diebus
2200 1536 2420 1607 quibus

771 1628 1044 1687 vixeritis.
1097 1628 1419 1699 Venietque
1476 1631 1655 1684 noctu
1705 1643 1843 1681 cum
1892 1625 2217 1683 secretariis
2274 1624 2415 1687 suis,

765 1716 1012 1789 quando
1064 1716 1167 1772 tibi
1218 1715 1523 1789 placuerit,
1578 1730 1760 1770 causa
1811 1714 1991 1781 hujus
2050 1712 2291 1781 negotii,
2341 1711 2417 1767 ad
2447 1730 2493 1785 Β

765 1805 990 1862 moenia
1041 1803 1535 1873 Rothomagensis
1587 1803 1769 1868 urbis,
1827 1802 2171 1859 ﬁrmaturus
2221 1816 2419 1856 sacra-

766 1898 968 1949 mento
994 1908 1148 1949 verae
1176 1890 1315 1947 ﬁdei
1335 1908 1470 1963 quae
1500 1890 1602 1946 tibi
1620 1890 1909 1959 suggessi.
1940 1913 1966 1939 ››
1994 1892 2154 1945 Tunc
2181 1888 2419 1944 Richar-

763 1982 879 2038 dus
912 1999 925 2038 :
956 2005 972 2031 ι
1008 1980 1105 2039 Dei
1130 1980 1246 2035 ﬁde
1272 1995 1395 2051 qua
1422 1979 1677 2035 vivimus
1724 1984 1781 2035 et
1804 1983 2173 2046 vegetamur,
2202 1976 2419 2032 tenaci-

765 2087 883 2143 que
906 2069 1091 2127 nostri
1112 2068 1329 2124 tenoris
1362 2068 1739 2125 ﬁrmamento
1796 2067 2214 2123 collaudamus
2236 2071 2300 2122 ut
2330 2082 2420 2121 ve-

766 2159 891 2215 niat
912 2158 989 2217 ad
1020 2173 1152 2223 nos,
1186 2157 1234 2210 si
1264 2156 1497 2212 libitum
1550 2156 1740 2219 fuerit.
1774 2155 1865 2212 bis
1896 2154 2082 2211 tribus
2112 2154 2419 2210 transactis

766 2245 1000 2312 diebus,
1032 2250 1090 2301 et
1112 2250 1538 2303 connectamus
1569 2244 1794 2300 foedera
1823 2242 1986 2298 nullo
2025 2258 2172 2297 casu
2204 2242 2420 2298 solubi-

766 2334 846 2391 lia
878 2351 891 2400 ;
922 2333 1029 2389 sed
1055 2333 1353 2405 perpetuis
1382 2336 1441 2389 et
1463 2331 1971 2389 inextricabilibus
2020 2330 2253 2400 legibus
2281 2347 2417 2387 con-

769 2422 1086 2480 servanda.
1116 2444 1145 2472 n
1172 2421 1494 2478 Monachus
1523 2437 1786 2491 namque
1844 2437 1979 2492 quae
2028 2420 2251 2477 audivit
2300 2423 2419 2476 Tet-

767 2511 950 2568 boldo
978 2510 1177 2568 comiti
1228 2511 1605 2567 renuntiavit.
1638 2511 1768 2582 Ipse
1807 2513 2007 2565 autem
2051 2509 2216 2564 laetus
2249 2514 2305 2565 et
2334 2509 2417 2565 hi-

767 2599 906 2656 laris
965 2616 1145 2671 super
1192 2598 1606 2669 hujuscemodi
1664 2597 2033 2663 renuntiatis,
2078 2597 2288 2652 diebus
2334 2601 2418 2651 ter

767 2687 1005 2744 duobus
1057 2688 1435 2756 transanctis,
1487 2687 1647 2743 venit
1700 2689 2019 2743 Rotomum
2066 2691 2243 2741 noctu
2279 2702 2416 2743 cum

772 2776 896 2835 suis
927 2777 1273 2833 secretariis.
1323 2779 1575 2847 Uterque
1602 2775 1821 2831 horum
1851 2778 1915 2829 ut
1952 2773 2198 2831 alterum
2247 2791 2417 2829 cons-

767 2865 945 2936 pexit,
974 2865 1187 2921 obvius
1238 2864 1498 2935 quisque
1563 2862 1838 2930 cucurrit,
1888 2862 2416 2933 amplexantesque

769 2968 832 3007 se
860 2952 1116 3008 invicem
1144 2950 1351 3007 oscula
1380 2950 1659 3013 libarunt,
1686 2966 2032 3021 sessumque
2064 2952 2414 3022 petiverunt.

768 3043 930 3133 'l‘unc
954 3039 1114 3111 prior
1138 3039 1463 3133 :l‘etboldlus
1492 3057 1505 3093 :
1540 3062 1565 3087 ‹‹
1596 3038 2280 3133 ᾼόᾐιυδω-ίηεῌξύήιθωι
2299 3039 2416 3133 pie:
2446 3075 2487 3133 C

768 3131 950 3184 tatem
981 3126 1232 3198 supplex
1261 3126 1457 3195 venio,
1508 3126 1651 3199 quia
1681 3131 1781 3181 tua
1804 3127 2179 3183 miseratione
2231 3131 2289 3185 et
2319 3126 2416 3182 Dei

769 3214 1184 3287 propinatione
1216 3213 1487 3269 omnium
1513 3214 1770 3282 indigeo.
1807 3215 2068 3270 Ustulata
2113 3219 2253 3270 sunt
2290 3214 2417 3273 ubi-

769 3319 1027 3375 cumque
1057 3308 1347 3359 terrarum
1368 3319 1500 3374 quae
1525 3303 1821 3374 possideo,
1843 3304 2215 3376 habeturque
2240 3302 2412 3358 tellus

772 3392 890 3448 mei
910 3392 1060 3462 juris
1085 3392 1263 3447 veluti
1291 3391 1571 3463 qumdam
1602 3392 1875 3449 solitudo.
1907 3393 2130 3450 ldcirco
2157 3408 2291 3463 quae
2311 3391 2415 3447 tibi

768 3481 1062 3550 suggessit
1089 3480 1423 3536 monachus
1451 3482 1689 3553 exsequi
1708 3481 1959 3538 libenter
1988 3498 2121 3536 sum
2143 3485 2410 3552 paratus.

768 3569 1185 3639 Praejudicium
1216 3585 1395 3625 omne
1424 3571 1539 3626 mei
1570 3570 1799 3627 consilii
1842 3576 1899 3626 et
1921 3569 2060 3626 facti
2091 3568 2193 3624 tibi
2218 3585 2416 3625 emen-

765 3659 927 3716 dabo
961 3678 975 3725 ;
1006 3659 1309 3730 hujusque
1340 3658 1422 3714 rei
1453 3658 1638 3728 gratia
1666 3659 1844 3735 quasi
1873 3674 1984 3731 pro
1998 3657 2289 3714 beneficio
2310 3658 2414 3713 tibi

766 3749 1028 3807 serviens
1059 3747 1363 3815 militabo;
1405 3748 1831 3805 Ebroicacense
1881 3752 2144 3803 castrum
2182 3746 2288 3804 tibi
2315 3763 2415 3803 vo-

765 3837 1023 3893 luntarie
1047 3835 1252 3902 reddo,
1296 3837 1649 3910 veniamque
1704 3843 1762 3894 et
1810 3836 2246 3906 indulgentiam
2296 3841 2412 3892 tuae

765 3923 1166 3981 miserationis
1192 3926 1513 3997 promereri
1534 3925 1784 3998 supplex
1814 3924 2242 3997 postulo,quod
2269 3940 2411 3980 con-

764 4016 937 4073 trate
981 4010 1121 4067 illud
1176 4013 1418 4068 tenui.»
1474 4014 1665 4084 Hujus
1715 4012 2064 4069 humilitatis
2097 4011 2412 4068 devotione

766 4098 1094 4157 Richardus
1121 4099 1243 4157 dux
1271 4116 1529 4171 magnus
1582 4100 2039 4158 misericorditer
2061 4103 2259 4155 mente
2317 4115 2413 4155 su-

764 4188 995 4251 bactus.
1048 4190 1354 4262 respondit
1408 4188 1692 4247 Tetboldo
1743 4187 1943 4245 comiti
2014 4186 2407 4244 humilimus:

764 4299 793 4327 «
828 4277 962 4334 Sine
985 4277 1193 4334 obside
1218 4284 1275 4336 et
1304 4282 1678 4335 sacramento
1730 4276 1873 4333 ﬁdei
1920 4292 2072 4331 meae
2099 4275 2218 4330 huc
2266 4274 2411 4331 nihil

764 4364 1023 4422 titubans
1051 4367 1369 4436 accessisti,
1392 4381 1792 4440 quaecumque
1824 4363 2079 4437 requiris
2133 4362 2409 4436 impetra-

760 4453 877 4511 bis.
938 4422 1448 4529 Continuaspa'cis
1504 4422 1842 4511 felicitatem
1896 4422 2169 4519 habebis,
2220 4422 2409 4509 .nemo
2439 4422 2484 4478 θ

761 4560 1034 4602 meorum
1064 4545 1168 4603 tibi
1195 4551 1252 4602 et
1269 4546 1384 4603 tuis
1414 4544 1569 4601 ultra
1614 4543 1867 4614 iniurius
1892 4547 1951 4598 et
1997 4557 2227 4598 nocuus
2280 4543 2405 4599 erit.

762 4634 883 4703 Ego
934 4649 1075 4690 vero
1104 4634 1324 4692 abhinc
1375 4638 1533 4699 tuus,
1580 4630 1733 4687 sicut
1761 4636 2040 4697 tumeus,
2082 4635 2408 4703 mutuoque

761 4723 1099 4781 communis
1122 4723 1327 4781 auxilii
1355 4722 1711 4790 interventu,
1750 4719 2102 4776 ﬁducialiter
2124 4719 2406 4791 vicissim,

762 4812 1042 4870 solemur.
1074 4814 1194 4873 Fiat
1238 4828 1357 4885 pax
1386 4809 1690 4882 opulenta,
1747 4809 1984 4881 requies
2008 4809 2294 4880 jocunda,
2321 4826 2409 4866 se-

758 4903 978 4960 renitas
1004 4901 1345 4975 tranquilla,
1377 4898 1699 4956 concordia
1742 4898 1893 4954 inter
1917 4914 2029 4955 nos
2075 4899 2300 4956 stabilis
2353 4904 2410 4956 et

758 4991 1038 5062 perfecta,
1071 5007 1179 5064 per
1200 4989 1441 5046 decreta
1469 4986 1914 5044 inextricabilia.
1945 5007 1974 5040 ι
2005 4988 2204 5044 Allatis
2232 4988 2409 5058 igitur

757 5086 1101 5138 sanctorum
1157 5075 1513 5151 pignoribus
1584 5075 1853 5133 foederati
1908 5082 2063 5134 sunt.
2135 5077 2408 5134 Similiter

758 5168 1066 5241 utriusque
1097 5164 1333 5225 comitis
1354 5163 1667 5221 consiliarii
1694 5166 1820 5222 haec
1848 5167 2060 5223 eadem
2084 5182 2240 5223 verae
2266 5165 2407 5223 ﬁdei

758 5259 1135 5314 sacramento
1160 5251 1616 5312 auctorizarunt.
1672 5257 1830 5310 Tunc
1860 5254 2195 5312 Richardus
2247 5269 2405 5311 mar-

756 5345 893 5402 ehio
912 5342 1306 5410 largissimus,
1340 5343 1685 5399 muneribus
1716 5348 1772 5400 et
1796 5343 1973 5400 donis
1998 5342 2403 5417 premaximis

756 5447 899 5490 eum
922 5429 1232 5487 afﬂuenter
1261 5431 1591 5488 honoravit.
1626 5438 1751 5505 Ipse
1782 5440 1981 5489 autem
2007 5438 2209 5505 optato
2234 5448 2404 5487 oscu-

756 5519 817 5575 lo
839 5523 897 5573 et
920 5517 1199 5589 amplexu
1228 5518 1564 5576 desiderato
1593 5521 1793 5577 fruens
1837 5522 2123 5586 discessit,
2163 5521 2403 5576 eadem-

758 5621 879 5678 que
908 5610 1081 5661 nocte
1109 5608 1384 5665 secretius
1431 5614 1753 5667 Carnotum
1797 5610 2044 5683 repetiit.
2078 5614 2211 5682 Ipso
2239 5624 2405 5666 nam-

757 5692 1011 5766 quodie
1061 5695 1418 5756 Tetboldidaa
1472 5698 1553 5758 ab
1606 5698 1756 5758 mbo
1805 5698 2217 5763 Ebroinmnsi
2265 5714 2406 5761 cum

2530 476 2764 530 runtad
2791 476 3005 532 ducem
3056 475 3441 533 Richardum
3486 480 3574 531 ut
3613 492 3743 530 ear

2530 569 2731 623 autem
2779 581 2913 623 eam
2961 565 3251 637 recipiens
3297 564 3735 623 abundanti

2529 652 2801 720 munivit,
2862 653 3255 726 omniumque
3302 653 3690 713 bonorum

2529 745 2693 799 stans
2724 741 3084 799 fecundavit.

3154 846 3598 889 ΑΡΟΒΤΒΟΡΗΔ.

2529 1004 2799 1063 Rusticus
2833 1005 3032 1063 inscia;
3061 1007 3194 1078 [pro
3237 1006 3545 1081 inscitiae]
3616 1023 3744 1081 qua

2531 1093 2750 1150 Diversi
2781 1094 2955 1152 variis
2984 1094 3217 1164 generis
3250 1094 3478 1151 metris
3516 1111 3711 1171 opus

2528 1274 2909 1329 Prrevacuum
2939 1272 3136 1339 nimis,
3168 1272 3665 1348 indignumque
3694 1290 3738 1329 0

2529 1361 2936 1433 Rhetoricique
2969 1360 3084 1419 favi
3114 1362 3449 1419 redolentis
3487 1369 3743 1419 nectar

2529 1450 2773 1505 Heroico
2806 1450 3002 1522 potius
3031 1455 3219 1505 metro
3248 1450 3495 1523 pollere
3527 1450 3743 1508 decer

2529 1541 2645 1593 Hoc
2674 1538 2993 1607 lugubrata
3018 1539 3221 1608 vigent
3242 1539 3392 1611 quia
3427 1539 3636 1597 fortia
3657 1540 3744 1595 fat

2531 1629 2628 1685 Hic
2655 1643 2793 1685 nam
2825 1627 2915 1683 vir
2934 1627 3121 1696 fortis,
3151 1632 3474 1697 constans,
3508 1627 3744 1685 robusi

2528 1802 2829 1867 Paciticus,
2884 1801 3102 1873 bonus,
3147 1807 3327 1877 atque
3378 1804 3669 1877 probus,
3720 1820 3744 1876 ι

2528 1891 2891 1959 Magniﬁcus,
2922 1892 3189 1964 meritus,
3217 1892 3588 1963 praecelsus,
3619 1893 3743 1948 nol

2529 1979 2807 2051 lnclytus,
2840 1980 3131 2051 egregius,
3168 1980 3494 2048 mirabilis,
3532 1985 3737 2056 atque

2526 2068 2836 2138 Maximus,
2884 2068 3157 2138 eximius,
3207 2069 3601 2140 praecellens,
3638 2086 3744 2127 ma

2527 2155 2881 2229 Praecipuus,
2906 2156 3125 2226 justus,
3160 2161 3427 2222 sanctus,
3462 2157 3743 2213 humilis

2526 2243 2838 2315 Propitius,
2867 2243 3042 2305 lenis.
3072 2249 3454 2313 mansuetus,
3490 2244 3687 2311 mitis,
3723 2261 3744 2302 ε

2528 2332 2930 2403 Longaminis,
2960 2331 3226 2401 celebris,
3262 2332 3588 2404 solemnis,
3624 2348 3744 2390 am.

2528 2508 2815 2577 Clemens,
2848 2508 3184 2580 indulgens,
3231 2509 3557 2578 miserens,
3581 2510 3743 2566 scele

2526 2597 2843 2669 Protector,
2876 2613 3106 2667 censor,
3140 2602 3312 2661 tutor,
3347 2598 3605 2668 largitor
3633 2598 3744 2655 hor

2525 2686 2787 2743 Prudens
2809 2690 2867 2744 et
2902 2686 3162 2759 sapiens,
3195 2686 3508 2753 industris,
3543 2702 3743 2758 gnaru

2527 2774 2909 2843 Linguarum,
2940 2775 3437 2848 diversarumque
3470 2775 3671 2832 sciens
3696 2792 3743 2832 τε

2524 2865 2812 2929 Attentus,
2843 2861 3071 2931 docilis,
3093 2862 3367 2934 cupidus,
3401 2862 3733 2935 sitiensque

2526 2948 2815 3013 Miriﬁcus,
2841 2949 3086 3016 stabilis,
3120 2950 3340 3015 suavis,
3365 2950 3670 3023 ﬁdusque,
3703 2951 3741 3007 ﬁ

2525 3037 2921 3109 Tranquillus,
2949 3037 3241 3109 placidus,
3263 3036 3455 3108 laetus,
3490 3042 3616 3094 sine
3643 3039 3743 3094 nul

2524 3126 2852 3192 Jocundus,
2879 3126 3088 3197 dulcis,
3120 3126 3519 3201 blandusque,
3552 3126 3743 3184 affabi

2526 3218 2788 3280 Facetus,
2821 3214 2976 3280 felix,
3005 3214 3271 3287 frugalis,
3293 3215 3726 3288 juridicusque.

2525 3307 2860 3370 Formosus,
2892 3303 3077 3372 dives,
3106 3303 3392 3376 locuples.
3423 3309 3479 3360 et
3504 3304 3742 3361 muniﬁc

2524 3392 2701 3448 Dulce
2723 3396 2903 3465 caput
2929 3391 3156 3465 populi,
3194 3408 3330 3465 spes
3358 3397 3414 3448 et
3439 3392 3656 3449 fiducia
3682 3393 3741 3465 pl

2521 3483 2824 3549 Procerus,
2863 3481 3249 3555 pulcherque,
3278 3480 3534 3551 elegans,
3591 3480 3740 3537 form

2522 3572 2627 3626 Pes
2656 3568 2892 3639 claudo,
2924 3574 2981 3625 et
3007 3568 3216 3625 oculus
3242 3586 3420 3637 caeco,
3449 3569 3736 3642 baculusq

2524 3657 2695 3715 Omni
2720 3656 3021 3713 sufﬁciens
3054 3662 3231 3730 potus
3256 3657 3414 3727 large
3445 3657 3671 3717 sitienti.

2524 3750 2681 3803 Escae
2712 3744 3015 3819 praelargae
3046 3750 3104 3801 et
3130 3745 3309 3802 varis:
3330 3746 3492 3802 cibus
3518 3746 3740 3802 esurien

2521 3835 2821 3908 Pauperis,
2852 3833 3092 3901 exsulis,
3116 3840 3176 3891 at
3193 3834 3386 3908 inopis
3406 3839 3695 3909 susceptor
3718 3852 3740 3891 ε

2519 3926 2816 3982 Protector
2840 3923 3053 3992 viduae,
3083 3924 3304 3996 conjux
3322 3924 3474 3982 velut
3499 3930 3664 3998 atque
3694 3942 3740 3982 ω

2523 4013 2751 4070 Solator
2769 4029 3121 4086 regumque,
3135 4012 3740 4087 ducum,procerum,cu

2519 4103 2671 4158 Dum
2691 4101 2920 4159 mundo
2950 4101 3136 4170 viguit
3158 4118 3172 4168 ;
3209 4102 3293 4158 sic
3313 4101 3574 4158 omnibus
3592 4102 3740 4158 omni

2520 4190 2721 4248 Oilecit
2748 4190 2943 4259 nullis,
2970 4190 3211 4248 certavit
3238 4190 3462 4263 profore
3486 4192 3711 4249 cunctis.

2590 4278 2691 4334 His
2714 4278 2798 4337 ita
2827 4283 3047 4336 secrete
3079 4282 3368 4353 cauteque
3395 4278 3635 4352 expletis,
3681 4295 3735 4335 m

2516 4384 2633 4440 que
2688 4368 2935 4425 celebris
2985 4384 3229 4425 scenam
3288 4368 3586 4426 Richardus
3627 4368 3738 4426 mira

2515 4456 2671 4513 dinis
2729 4462 2907 4530 atque
2976 4456 3362 4528 longitudinis
3417 4472 3577 4530 super
3627 4456 3738 4528 ripa

2516 4545 2689 4601 fossa:
2735 4545 2918 4617 jussit
2955 4545 3103 4612 ﬁeri,
3155 4545 3218 4601 in
3263 4544 3501 4601 adventu
3549 4543 3738 4620 palatir

2517 4634 2862 4706 tiﬁcumque
2924 4634 3219 4690 Francicm
3267 4633 3462 4703 gentis.
3515 4634 3737 4690 Determi

2516 4728 2782 4795 tempore
2806 4722 2997 4779 iduati
3045 4721 3209 4793 maii,
3263 4722 3609 4779 inﬂammatis
3636 4721 3738 4779 scili

2514 4817 2718 4869 tuante
2748 4811 2870 4868 sole
2899 4810 3179 4881 Geminis,
3228 4815 3494 4869 venerunt
3518 4812 3682 4883 gratia
3711 4811 3736 4867 ὲ

2514 4900 2681 4974 pacis
2712 4899 2791 4957 ad
2821 4900 3181 4958 Richardum
3206 4898 3412 4957 ducem
3454 4915 3707 4971 magnum

2515 4988 2618 5046 tini
2649 5005 2787 5045 cum
2808 4988 3128 5060 episcopis,
3159 5003 3376 5062 eosque
3398 4988 3633 5045 decenter
3669 4993 3715 5043 et

2511 5076 2714 5151 recipi,
2747 5076 3058 5148 scenisque
3094 5076 3267 5146 juxta
3316 5075 3603 5135 mirabilem
3645 5091 3736 5132 scei

2507 5166 2684 5237 jussit
2743 5164 3050 5237 hospitari.
3116 5164 3376 5222 Crastina
3429 5180 3651 5237 namque
3702 5164 3733 5220 d

2512 5258 2598 5311 tes
2627 5258 2764 5310 ante
2805 5252 3021 5308 ducem
3050 5251 3414 5321 Richardum,
3448 5251 3717 5310 intulerunt

2511 5343 2875 5396 Francorum
2927 5338 3134 5395 munia
3175 5338 3422 5395 ﬁdelium
3444 5338 3734 5395 famulatum

2510 5430 2761 5494 tionum,
2807 5434 2864 5485 et
2913 5427 3192 5484 dixerunt
3236 5445 3250 5482 :
3304 5450 3332 5479 ‹‹
3380 5430 3483 5483 Dux
3531 5427 3728 5483 inauditi

2511 5518 2603 5584 tis,
2652 5517 3134 5588 sufﬁcientiazque
3210 5520 3266 5571 et
3315 5515 3518 5583 virtutis,
3559 5516 3724 5588 optim:

2510 5607 2767 5664 Franciaa
2792 5607 2959 5676 regni
2996 5608 3316 5677 precantur
3355 5603 3643 5660 unanimiter
3672 5603 3719 5658 ﬂe

2508 5700 2683 5763 terius
2714 5694 2971 5768 genibus
3014 5692 3232 5765 cordis,
3274 5694 3342 5750 ut
3366 5691 3651 5769 indulgeatis
3674 5709 3713 5752 Si
