3878 6384
98 268 203 323 741

605 267 695 321 DE
736 267 974 325 GESTIS
1013 268 1442 326 NOBMANNLE
1478 270 1717 326 DUCUM
1756 268 1936 327 LIBRI
1971 273 2166 331 TBES.
2190 303 2260 316 —-
2291 276 2420 334 LIB.
2464 278 2552 335 ΠΙ.
2597 283 3012 344 RICHARDUS.

3402 298 3503 353 ’742

0 418 15 453 ,;
71 389 343 489 ecclesias
390 392 465 491 et
485 389 787 445 annulatae
836 392 1169 491 gentisnex
1209 397 1431 489 autem,
1469 408 1738 491 ‘nosque,
1778 398 1827 449 Α
1854 394 2251 491 sufficienter;
2284 398 2748 491 quia,tellurem
2786 413 2993 464 vestras
3033 413 3366 483 nativitatis,
3398 433 3508 491 pro

70 479 397 551 caeterique
429 481 792 534 Francorum
822 479 1401 553 residui,omnisque
1433 482 1623 536 clerus
1655 485 1741 536 to-

70 568 195 624 tius
230 568 419 639 regni,
451 569 897 649 omne'bonum
926 588 1188 643 praesens
1242 578 1298 628 et
1327 574 1613 637 futurum,
1644 588 1746 644 op-

4 674 13 725 ;
73 662 209 714 tant
240 659 343 714 tibi
388 676 450 715 se
502 659 792 715 saevitiam
840 676 1222 733 paganorum
1280 662 1743 733 compescueris,

71 763 414 819 eorumque
441 748 721 819 pestifera
764 750 1117 805 excursione
1149 751 1459 807 Franciam
1501 752 1741 806 erueris.

74 836 494 891 Fraudulentis
548 839 947 906 suggestionis
979 839 1253 897 Tetboldi
1284 840 1515 895 comitis
1545 841 1744 896 horta-

0 956 9 993 ι
73 926 266 991 mine,
296 941 671 997 quascunque
699 942 803 981 rex
831 932 1040 999 contra
1070 932 1126 982 te
1152 932 1434 999 operatur
1462 933 1549 983 est
1576 928 1741 995 fecit;

0 1048 7 1085 μ
71 1013 504 1084 bonorumque
532 1030 667 1085 quae
696 1018 866 1086 pater
888 1020 1022 1069 tuus
1048 1015 1201 1087 patri
1222 1032 1331 1071 suo
1358 1016 1551 1071 intulit
1574 1016 1745 1072 remi-

73 1102 325 1157 niscens
372 1101 547 1156 tzedet
575 1118 638 1156 se
669 1102 826 1158 facti.
872 1104 1398 1168 Quemadmodum
1428 1104 1604 1173 igitur
1640 1121 1743 1160 rex

74 1190 419 1245 Ludovicus
447 1196 616 1263 pater
642 1208 806 1259 suus,
822 1192 1148 1263 opitulante
1165 1198 1332 1265 patre
1352 1198 1454 1249 tuo
1475 1194 1536 1249 in
1558 1210 1740 1261 regno

74 1280 448 1347 subrogatus
486 1280 694 1349 viguit,
729 1281 811 1336 ita
846 1297 1034 1347 regna
1064 1287 1280 1349 tenere,
1312 1283 1739 1354 superborum-

71 1384 196 1440 que
220 1367 540 1435 dominari,
556 1383 782 1437 magno
804 1374 919 1424 tuae
944 1371 1253 1441 potestatis
1280 1370 1589 1440 juvamine
1606 1386 1743 1427 con-

73 1456 351 1529 cupiscit.
403 1456 537 1512 Sitis
588 1458 1012 1514 communibus
1060 1464 1285 1515 mutua:
1331 1461 1739 1532 competentia:

0 1616 1 1619 η
71 1546 424 1620 precatibus
473 1548 826 1613 concordes,
876 1548 1140 1621 alterque
1188 1554 1449 1604 vestrum
1502 1550 1741 1606 alterius

74 1815 617 1870 Northmannicum
648 1815 750 1870 tibi
800 1820 1054 1887 tuusque
1103 1817 1441 1872 haeredibus
1476 1818 1739 1886 jurando

75 1904 336 1976 propriis
368 1904 649 1959 manibus
683 1906 951 1961 sancient
996 1906 1057 1959 in
1100 1911 1457 1978 perpetuum
1489 1924 1501 1971 ;
1530 1910 1740 1979 postea

76 2009 259 2049 nemo
276 1992 514 2048 illorum
538 1993 831 2049 ullatenus
850 1995 1125 2050 tractabit
1140 1996 1241 2050 tibi
1260 1996 1511 2064 alicujus
1533 1996 1743 2051 adver-

0 2120 1 2153 ῖ
76 2082 264 2137 sitatis
292 2082 647 2137 damnum.»
675 2084 861 2153 Hujus
880 2083 1192 2151 legationis
1210 2090 1507 2156 praecepta
1523 2084 1743 2156 persol-

76 2170 357 2226 ventibus
377 2171 689 2242 respondit
714 2172 982 2227 marchio
1004 2172 1248 2244 duxque
1267 2173 1738 2245 praecellentissi-

78 2276 251 2315 mus:
288 2281 316 2308 κ
340 2262 382 2315 0
408 2260 691 2332 praesules
716 2261 1025 2316 reverendi
1050 2262 1323 2317 omnium
1344 2263 1565 2317 virtutu
1662 2262 1743 2319 af-

0 2416 1 2419 η
76 2348 326 2404 fluentia
349 2349 654 2420 profusius
681 2350 911 2421 optimi,
934 2367 1044 2405 nec
1065 2367 1187 2406 non
1204 2368 1480 2423 proceres
1501 2356 1740 2407 cuncto-

79 2456 213 2493 rum
242 2438 546 2493 bonorum
566 2438 1014 2511 forensiumque
1039 2456 1238 2495 rerum
1258 2440 1464 2496 urbate
1490 2456 1744 2512 propen-

82 2544 205 2582 sms
227 2526 552 2593 fecundati,
576 2527 950 2599 propositum
976 2545 1125 2583 meae
1149 2529 1444 2584 continua!
1466 2530 1738 2585 intentio-

80 2616 173 2670 nis
200 2620 257 2670 et
284 2615 605 2671 voluntatis
636 2632 756 2670 non
787 2616 1059 2670 differam
1090 2616 1441 2672 ﬁducialiter
1472 2618 1737 2673 confiteri

82 2705 270 2760 vobis.
302 2706 695 2776 Quapropter.
749 2706 1119 2760 confidenter
1170 2706 1557 2777 experiamini
1596 2707 1737 2777 [me]

82 2794 228 2849 velle
263 2810 647 2865 summepere
671 2794 883 2849 melius
915 2794 1186 2849 felicitate
1214 2795 1379 2866 pacis
1402 2794 1660 2850 stabilire
1683 2801 1739 2850 et

77 2882 351 2955 exsequi,
377 2899 564 2954 quam
591 2883 766 2939 ullius
795 2883 1204 2954 prosperitatis
1227 2888 1283 2939 et
1312 2884 1555 2939 honoris
1582 2900 1735 2956 opus

79 2972 344 3041 aggredi.
380 2972 503 3026 Hoc
554 2972 702 3027 mihi
732 2988 1040 3027 summum
1085 2977 1141 3028 et
1169 2972 1465 3044 peculiare
1497 2989 1735 3045 semper

76 3061 310 3117 exstitit.
337 3064 574 3130 Verum,
600 3078 710 3133 pro
741 3066 1070 3117 vestrorum
1101 3062 1651 3134 importunitatibus
1681 3068 1737 3117 et

86 3151 226 3205 rixis
254 3155 454 3206 tenere
494 3150 660 3218 illud,
692 3150 765 3205 de
811 3150 1229 3217 confunderer,
1276 3150 1539 3222 nequivi.
1587 3152 1737 3217 Quia

79 3240 223 3295 nihil
249 3246 339 3295 est
384 3240 445 3294 in
478 3239 676 3311 aliquo
712 3245 991 3311 suspectu
1035 3240 1263 3313 aliquid
1302 3241 1540 3309 gravius
1569 3242 1733 3313 quod

78 3330 315 3396 cruciet,
332 3345 521 3400 quam
540 3346 844 3400 quemque
861 3334 963 3384 aut
978 3346 1098 3385 non
1116 3331 1317 3386 videre
1333 3330 1495 3401 quod
1513 3332 1732 3402 cupiat,

77 3423 178 3473 aut
203 3418 406 3473 videre
436 3417 601 3489 quod
642 3418 855 3489 perdat
884 3436 897 3473 :
950 3436 1089 3474 cum
1118 3419 1179 3473 in
1209 3424 1462 3490 utroque
1492 3420 1731 3475 animus

78 3506 343 3577 pondere
373 3506 783 3561 sollicitudinis
812 3507 1207 3578 praemaximo
1225 3523 1468 3579 pressus
1497 3508 1730 3575 titubat,

82 3600 141 3649 ut
166 3600 220 3650 et
247 3595 414 3666 quod
445 3595 724 3651 diuturna
743 3595 1023 3651 sollicitus
1055 3600 1284 3667 spectat
1313 3596 1552 3665 habeat,
1585 3603 1642 3652 et
1671 3602 1734 3652 ut

81 3684 283 3755 [quod]
303 3684 523 3739 habere
546 3684 789 3756 cmperit
814 3700 887 3739 ne
919 3684 1167 3738 amittat.
1202 3684 1533 3753 Recogitate
1554 3685 1732 3753 igitur

80 3777 134 3827 et
162 3774 611 3829 reminiscimini
628 3774 979 3829 insidiarum
1005 3773 1383 3828 etmalorum
1403 3789 1538 3844 quae
1560 3773 1639 3828 ab
1659 3790 1730 3829 eo

80 3876 290 3932 passus
324 3880 455 3917 sum
464 3868 545 3933 ,et
572 3861 1024 3917 animadvertite
1052 3866 1108 3917 et
1136 3861 1444 3916 intuemini
1472 3862 1565 3916 cui
1594 3878 1731 3918 nos-

80 3954 303 4007 trorum
335 3956 791 4023 vestrorumque
820 3950 1105 4006 exstiterit
1148 3949 1584 4022 priejndicium.
1618 3954 1731 4007 Vos

2 4082 3 4113 ξ
78 4055 194 4095 non
217 4041 549 4109 ignorantis
573 4039 952 4109 suggestione
974 4038 1238 4094 Tetboldi
1258 4040 1734 4110 (omitis,Bruno-

76 4143 211 4185 nem
242 4129 735 4202 archipraasulem
759 4128 1255 4195 Coloniensem,et
1272 4128 1489 4185 ducem
1514 4132 1733 4203 pariter

78 4216 522 4275 Lothar-iensem
554 4234 649 4273 me
682 4218 933 4273 voluisse
958 4217 1250 4290 decipere.
1284 4221 1397 4273 Vos
1424 4235 1545 4274 non
1566 4219 1733 4287 igno-

4 4374 6 4382 λ
76 4307 212 4363 ratis
230 4310 277 4379 ej
294 4308 507 4364 usdem
527 4307 799 4364 falsidica
824 4311 1216 4379 provocatum
1239 4308 1498 4365 versutia
1529 4312 1735 4366 Lotha-

4 4462 5 4473 χ
78 4393 227 4450 rium
260 4412 463 4464 iegem
493 4400 757 4451 vestrum
790 4395 1085 4451 seniorem
1112 4395 1375 4452 voluisse
1400 4414 1495 4452 me
1521 4414 1733 4469 capere

4 4536 5 4559 χ
78 4488 178 4538 aut
204 4485 492 4540 occidere.
528 4484 678 4547 Quid
708 4484 937 4540 refertis
982 4486 1057 4539 de
1103 4485 1516 4541 Ebroicacensi
1544 4503 1733 4559 quam

4 4616 7 4649 φ
77 4572 253 4628 reddi:
266 4576 275 4625 Ξ
289 4575 329 4629 it
343 4574 491 4628 mihi
506 4574 673 4641 urbe,
694 4576 876 4629 Deus?
892 4574 992 4628 His
1008 4578 1065 4629 et
1082 4574 1295 4630 talibus
1316 4575 1734 4647 hujuscemodi

4 4702 9 4739 AV
78 4660 466 4735 pluribisque
491 4664 1041 4735 importunitatibus
1065 4680 1217 4735 quas
1244 4664 1401 4720 tedet
1418 4666 1730 4734 recenseri,

4 4794 7 4829 τ
80 4756 298 4821 motus,
328 4752 463 4807 misi
493 4751 569 4808 ad
594 4755 800 4817 Dacos,
829 4756 1127 4823 quatenus
1148 4753 1294 4807 mihi
1321 4759 1735 4810 succurrerent

4 4906 7 4915 Ι
79 4839 355 4896 velocius.
376 4842 603 4907 Quibus
627 4857 723 4896 me
741 4840 1091 4896 festinanter
1114 4842 1733 4913 aggredientibus,im-

79 4931 296 4998 peravi,
338 4930 399 4985 in
424 4947 532 4986 vos
565 4946 835 4985 exercere
865 4931 1247 5001 tyrannidem
1291 4931 1477 4987 cladis
1506 4933 1687 5003 hujus
1716 4952 1728 5001 ;

77 5016 213 5085 quia
235 5018 355 5073 nisi
376 5035 471 5074 res
490 5018 1194 5091 ponderaretur,minime
1210 5020 1731 5091 resipisceretstul-

6 5174 9 5185 Ι
76 5107 249 5163 tus.Si
271 5109 436 5180 quod
456 5109 631 5178 igitur
655 5108 904 5164 retulisti
926 5108 1071 5163 mihi
1091 5113 1281 5165 exstat
1300 5125 1528 5178 verum,
1544 5110 1727 5166 stabi-

74 5189 170 5249 lite
178 5196 531 5251 necessariaa
548 5198 713 5269 pacis
729 5197 1235 5271 opportunitatem
1247 5214 1483 5256 mecum
1494 5222 1541 5255 .»
1561 5199 1729 5257 Tunc

76 5281 401 5340 Richardus
424 5286 694 5342 marchio
714 5286 1379 5355 famosissimus,ascitis
1402 5289 1733 5346 communi-

6 5420 11 5455 ί
73 5371 158 5425 ter
176 5374 603 5430 Northmannis
618 5376 902 5432 omnibus
918 5378 1095 5449 coepit
1114 5378 1370 5433 blandiri
1387 5384 1445 5435 et
1460 5396 1733 5435 serenare

6 5520 11 5541 δ
76 5470 174 5513 eos
193 5464 699 5522 mansuetissimis
722 5466 1203 5522 allocutionibus:
1233 5470 1276 5523 Ο
1300 5485 1553 5524 summae
1570 5484 1731 5524 reve-

6 5590 11 5631 ._
74 5550 273 5606 rentia:
303 5557 522 5624 patres,
558 5556 863 5623 grandevo
905 5556 1331 5628 mediocrique,
1364 5564 1541 5630 atque
1566 5560 1733 5629 juve-

6 5680 13 5723 ;
76 5636 175 5691 nili
206 5640 322 5695 situ
354 5641 597 5697 miriﬁce
630 5644 983 5712 redolentes,
1018 5646 1237 5715 gratias
1281 5647 1474 5701 debeo
1518 5647 1731 5702 referre

10 5768 15 5807 ἑ
75 5725 247 5783 vobis
270 5729 658 5802 incessanter,
679 5732 829 5804 quin
847 5732 1031 5791 etiam
1057 5750 1313 5793 munera
1331 5736 1532 5807 largiri
1559 5734 1730 5793 vobis

1852 485 2203 579 praejudicio
2422 490 2551 546 sine
2580 508 2641 548 re
2670 494 2853 567 illato,
2886 500 3243 574 deserentes,
3289 485 3511 579 jurgati

1850 573 2143 644 rixatique
2171 578 2310 632 estis
2340 579 2417 635 ab
2434 596 2703 639 amorem
2728 601 2933 644 meum
2953 605 3144 664 usque
3169 573 3355 653 modo
3376 573 3514 655 cyon-

1853 667 1945 759 tra
1992 670 2221 721 exteras
2253 673 2474 759 gentes.
2510 674 2781 759 ipsarum
2833 683 3033 734 autem
3088 685 3353 751 gentium
3384 703 3508 759 rex,

1852 751 2038 842 duces
2069 758 2126 809 et
2164 756 2409 812 comites
2454 758 2653 816 afﬂicti
2684 765 2895 820 vestris
2941 751 3511 842 depopulationibus

1852 839 2222 936 incessanter
2240 850 2299 936 et
2325 846 2630 936 hostiliter,
2662 853 2973 923 requirunt
2994 839 3315 930 sequestra;
3345 864 3510 936 pacis

1852 930 2114 1002 spatium
2142 932 2271 988 dari
2298 934 2408 989 sibi
2438 938 2800 1010 suppliciter.
2838 944 2894 1000 Si
2918 945 3063 1003 libet
3084 950 3271 1021 vobis,
3300 930 3510 1011 conse-

1851 1042 2044 1099 quens
2074 1034 2163 1084 est
2184 1031 2342 1099 dari;
2378 1034 2426 1087 si
2456 1048 2601 1101 non,
2634 1044 2868 1109 oportet
2899 1042 3185 1102 abdicari.
3210 1051 3510 1109 Decernite

1851 1118 2148 1213 requisitis
2178 1121 2260 1175 rei
2287 1124 2593 1191 negotium
2626 1131 2934 1186 communi
2966 1136 3309 1205 consilio,et
3334 1157 3512 1213 super

1852 1207 1967 1261 hoc
2003 1210 2363 1280 respondere
2413 1212 2781 1273 rimaminor.
2814 1243 2842 1269 »
2886 1224 3046 1280 Tunc
3097 1207 3508 1299 Northmanni,

1853 1296 1959 1366 qui
1988 1301 2044 1353 et
2074 1298 2552 1359 Daci,unanimes
2580 1304 2903 1365 intulerunt
2929 1312 3223 1371 Richardo
3248 1318 3405 1387 duci,
3429 1296 3513 1376 di-

1850 1571 2051 1666 pmnis
2088 1574 2352 1640 Francia,
2386 1580 2791 1636 exterminatis
2847 1590 2951 1640 aut
2978 1587 3189 1643 occisis
3218 1592 3503 1666 principi-

1847 1658 1981 1754 bus,
2001 1660 2055 1714 vi
2080 1666 2135 1716 et
2164 1667 2452 1733 potestate
2481 1667 2587 1722 tibi
2620 1671 2975 1742 acquiretur.
2995 1675 3121 1732 Heu
3145 1678 3157 1733 !
3191 1658 3337 1735 heu!
3361 1658 3505 1754 quid

1847 1841 2311 1939 ve.gigenae,_qui,
2326 1850 2674 1920 praeparatis
2698 1858 2751 1907 et
2771 1857 3029 1911 oneratis
3050 1859 3307 1917 navibus
3328 1864 3508 1936 hujus

1849 1930 1932 1983 rei
1950 1930 2282 2000 juvamine.
2333 1938 2754 2007 aggrediantur
2782 1943 3097 2001 nobiscum
3129 1948 3379 2007 immani
3404 1930 3509 2009 ho-

1851 2018 2085 2115 stilitate
2114 2021 2322 2115 ?-Quid
2346 2023 2419 2078 de
2452 2025 2822 2115 Hirensibus,
2855 2033 2997 2103 quid
3027 2034 3101 2091 de
3134 2037 3508 2115 Alanis,qu1d

1851 2106 1925 2160 de
1977 2109 2209 2199 caeteris
2249 2112 2711 2184 quamplurimis
2769 2121 3075 2187 gentibus!
3134 2106 3509 2199 PropoSitum

1850 2200 2063 2250 vestris
2124 2198 2463 2270 voluntatis,
2524 2220 2708 2276 quam
2763 2208 2938 2263 nobis
2992 2198 3329 2284 aperuistis,
3388 2234 3510 2275 non

1851 2284 2276 2357 adimplebitur
2300 2290 2636 2348 viventibus
2666 2296 2861 2352 nobis.
2880 2301 3189 2371 Craterum,
3207 2305 3253 2360 si
3274 2305 3509 2363 libitum

1850 2376 1961 2439 est,
1995 2389 2118 2445 qua
2161 2375 2492 2433 invasimus
2528 2383 2854 2454 Franciam,
2896 2387 3338 2449 vindicabimus
3382 2396 3505 2455 tibi.

1849 2469 1948 2525 Sin
1985 2488 2124 2527 vero
2156 2473 2447 2546 displicet,
2503 2479 2777 2539 sortietur
2818 2500 2888 2539 ea
2939 2486 3138 2543 nobis.
3196 2492 3321 2556 Quo
3352 2493 3508 2549 circa

1848 2559 1996 2627 elige
2025 2577 2054 2615 e
2090 2563 2329 2618 duotus
2376 2566 2538 2635 quod
2570 2569 2782 2639 mavis,
2830 2578 2933 2628 aut
2964 2576 3085 2646 tibi,
3115 2584 3217 2633 aut
3243 2581 3436 2637 nobis.
3474 2606 3503 2633 ››

1849 2647 2217 2737 Hisauditis,
2251 2650 2372 2707 dux
2407 2663 2744 2727 praepotens
2777 2660 3103 2718 Richardus
3126 2668 3374 2737 urgebat
3400 2688 3504 2727 eos

1846 2736 2171 2792 multarum
2204 2743 2691 2810 prosecutionum
2718 2736 3381 2825 interpellationibus,et
3411 2759 3503 2814 his

1845 2833 2084 2889 duobus
2111 2835 2202 2890 bis
2248 2838 2460 2893 diebus
2490 2846 2622 2897 octo
2653 2843 2871 2900 obnixe
2911 2864 3012 2902 eos
3065 2848 3505 2923 deprecabatur

1844 2926 1910 2976 ut
1959 2928 2133 2995 pacta
2189 2942 2336 2999 pace
2403 2944 2540 2984 cum
2606 2926 2981 3002 FranCigenis
3050 2936 3498 3001 fwderarentur.

1844 3010 2128 3067 Praesules
2170 3011 2345 3083 igitur
2389 3020 2447 3070 et
2473 3018 2789 3089 optimates
2823 3024 3079 3081 Francius
3138 3030 3328 3096 gentis
3383 3038 3503 3091 sta-

1844 3097 1992 3155 bant
2020 3100 2282 3172 quotidie
2314 3102 2430 3159 illic
2468 3108 2802 3178 stupefacti,
2844 3116 2900 3166 et
2924 3112 3310 3173 intuebantur
3358 3137 3501 3178 con-

1841 3197 2070 3254 ﬂictum
2121 3200 2300 3273 hujus
2359 3203 2812 3276 pacificationis.
2870 3211 3136 3270 Tandem
3187 3231 3328 3272 vero
3378 3219 3500 3277 dux

1843 3305 2103 3359 magnus
2134 3289 2465 3348 Richardus
2498 3310 2620 3350 non
2667 3296 2871 3353 valens
2899 3316 3170 3360 serenare
3201 3310 3500 3367 tantorum

1845 3378 2128 3435 szevitiam
2171 3379 2429 3437 ullarum
2478 3390 2831 3455 precatuum
2881 3392 3320 3463 conaminibus,
3355 3396 3504 3455 dixit

1843 3482 2111 3523 seorsum
2138 3467 2260 3522 suis
2292 3469 2427 3524 ﬁdis
2454 3471 2823 3545 principibus
2858 3493 2870 3529 :
2906 3500 2933 3528 cr
2954 3478 3091 3535 Haec
3120 3496 3267 3549 gens
3288 3500 3501 3557 aspera

1841 3566 1898 3617 et
1926 3562 2110 3629 fortis,
2145 3563 2292 3652 dum
2324 3566 2499 3620 simul
2528 3566 2901 3641 interpellata
2924 3572 3115 3644 fuerit,
3148 3592 3271 3633 non
3300 3582 3501 3652 acqui-

1841 3656 1997 3705 escet
2024 3651 2301 3722 precibus
2330 3654 2566 3710 nostris.
2614 3660 3026 3715 Convooentur
3054 3665 3314 3735 majores
3354 3651 3499 3724 natu

1843 3744 1900 3795 et
1929 3739 2288 3811 potentiores
2331 3744 2633 3813 secretius,
2677 3745 2889 3803 futurae
2920 3751 3111 3806 noctis
3156 3756 3495 3823 conticinio,

1844 3832 1900 3883 et
1927 3844 2294 3885 exczecemus
2327 3845 2431 3885 eos
2462 3834 2812 3891 muneribus
2843 3841 3272 3911 przemaximis,
3311 3850 3369 3902 et
3398 3864 3498 3903 co-

1840 3916 2011 3989 pioso
2041 3917 2354 3988 beneficio,
2407 3920 2453 3975 si
2483 3920 2629 3981 forte
2660 3922 2915 3983 faverint
2955 3930 3236 4000 precibus
3282 3936 3499 3992 nostris

1840 4010 2078 4062 etvoto.
2106 4029 2133 4055 »
2186 4007 2309 4064 Hoc
2353 4024 2616 4085 namque
2646 4014 2963 4074 consilium
2993 4019 3295 4094 principes
3328 4027 3502 4082 Fran-

1842 4094 2191 4164 cigenarum
2218 4096 2571 4167 _referebant
2618 4100 2857 4160 salubre
2903 4112 2961 4162 et
3007 4124 3387 4183 prosperum,
3446 4118 3502 4170 et

1842 4185 2242 4242 autumabant
2308 4188 2691 4264 sibimetipsis
2749 4194 3149 4265 profuturum.
3209 4201 3497 4257 Insecutae

1840 4282 2020 4353 igitur
2047 4284 2239 4341 noctis
2278 4287 2651 4358 crepusculo,
2683 4293 3025 4349 convocatis
3065 4294 3221 4351 clam
3252 4298 3496 4367 majoris

1841 4372 2119 4445 potentias
2159 4373 2403 4429 senibus
2434 4392 2508 4431 ex
2537 4391 2749 4445 genere
2774 4381 3256 4455 Northmannico,
3290 4386 3498 4456 pandit

1770 4454 1812 4507 Ι)
1842 4460 2021 4517 corde
2051 4462 2219 4535 quod
2243 4463 2594 4519 volvebatur
2632 4482 2732 4520 ore
2762 4468 3071 4539 melliﬂuo,
3100 4476 3158 4526 et
3179 4454 3361 4529 dixit:
3394 4496 3421 4522 «
3452 4475 3495 4530 Ο

1841 4551 2151 4615 reverendi
2204 4551 2415 4607 merito
2471 4559 2688 4624 patres,
2746 4571 2857 4626 pro
2918 4560 3349 4628 temporalibus
3407 4562 3497 4618 ni-

1841 4649 2032 4705 mium
2057 4646 2361 4705 beneficiis
2389 4650 2796 4718 agonizantes,
2828 4668 2937 4724 pro
2965 4654 3187 4726 quibus
3219 4659 3496 4715 carebitis

1842 4738 1963 4794 vita
1991 4743 2230 4805 aeterna,
2263 4737 2641 4809 Phlegetonte
2669 4740 2856 4810 digno
2876 4743 3245 4814 perfruentes
3270 4766 3282 4813 ;
3312 4749 3500 4804 anim-

1842 4826 2126 4883 advertite
2180 4826 2297 4883 mei
2347 4828 2639 4884 sermonis
2689 4828 3075 4903 proloquium
3126 4834 3492 4893 obedienter.

1844 4917 2226 4987 Quamquam
2271 4931 2463 4985 genus
2506 4916 2821 4974 hominum
2852 4919 3125 4977 omnium
3165 4938 3204 4979 a
3245 4926 3497 4982 Domino

1843 5008 2088 5064 exordio
2117 5009 2358 5081 ﬁneque
2387 5014 2620 5065 carente
2651 5010 2723 5066 sit
2741 5017 3282 5088 procreatum,quo
3312 5034 3500 5075 resar-

1847 5098 2062 5154 ciretur
2111 5115 2285 5154 ruina
2314 5099 2686 5167 angelorum,
2718 5101 2883 5156 vario
2912 5107 2970 5158 et
3003 5102 3243 5161 diverso
3272 5106 3497 5165 itineris

1846 5187 1992 5244 calle
2020 5188 2229 5243 devius
2255 5204 2420 5244 error
2447 5188 2595 5243 illud
2640 5188 2904 5257 abducit,
2936 5206 3011 5246 ne
3039 5200 3368 5252 revertatur
3418 5198 3500 5255 ad

1844 5290 2180 5345 Creatorem
2218 5302 2415 5341 suum.
2449 5288 2562 5342 Vos
2591 5285 2825 5341 animas
2849 5293 3079 5345 vestras
3106 5293 3327 5363 putatis
3358 5312 3499 5352 cum

1843 5373 2197 5446 corporibus
2226 5373 2482 5441 interire,
2514 5373 2649 5428 ideo
2678 5388 2798 5429 non
2821 5375 3154 5434 abhorretis
3170 5396 3349 5438 omne
3371 5400 3499 5440 ma-

1842 5464 1969 5518 lum
2028 5463 2220 5518 facere
2256 5467 2347 5517 est
2388 5462 2611 5534 quippe
2660 5468 2875 5534 prieter
2915 5465 3091 5522 istam
3136 5469 3323 5527 altera
3378 5474 3498 5529 vita

1841 5566 2026 5626 quam
2058 5552 2365 5620 ignoratis,
2397 5557 2453 5605 et
2481 5552 2776 5624 quidquid
2802 5554 2861 5609 in
2878 5555 2991 5611 hac
3010 5557 3292 5630 feceretis,
3313 5561 3371 5615 in
3398 5562 3499 5618 illa

1842 5658 1952 5714 pro
1978 5646 2137 5696 certo
2161 5645 2615 5712 repraesentetur
2634 5642 2823 5699 vobis.
2848 5666 2877 5693 ››
2910 5648 3070 5701 Tunc
3104 5648 3212 5705 illi:
3252 5672 3279 5699 «
3308 5651 3493 5719 Refer,

1842 5750 2181 5808 precamur,
2224 5733 2402 5793 nobis
2426 5734 2611 5806 hujus
2635 5737 3061 5810 propositionis
3097 5756 3408 5811 arcanum,
3439 5747 3494 5799 et
