3878 6382
613 268 715 322 ’743

1599 259 1903 317 DUDONIS
1926 258 2181 314 DECANI
2214 257 2268 311 S.
2297 256 2602 321 QUINTINI
2632 256 3012 313 VIROMAND.

612 386 861 444 enuclea
890 383 1246 457 quantocius
1298 382 1470 437 nobis
1507 388 1724 438 nostra:
1764 380 2119 437 conditionis
2150 379 2253 448 fig-
2298 384 2340 435 Α
2368 380 2540 435 cessit
2558 380 2617 435 in
2644 396 2888 435 carnem
2910 378 3257 434 humiliatus
3278 393 3473 450 usque
3490 377 3579 433 ad
3601 377 3666 432 hl

613 480 904 533 mentum.
926 496 954 523 »
984 475 1143 528 Tunc
1171 487 1368 526 comes
1398 471 1893 542 prudentissimus
1910 468 2258 523 demulcens

616 582 718 622 eos
746 562 983 620 blandis
1013 561 1292 616 affatibus
1328 577 1340 614 :
1394 559 1779 615 Hatiocinatio
1818 564 2033 613 nostrae
2064 556 2263 612 condi-

615 654 788 710 tionis
830 653 959 707 htec
1007 665 1146 704 vera
1190 648 1554 716 dignostitur
1584 664 1718 702 esse
1767 647 1845 702 ab
1894 644 2258 701 orthodoxis.

614 742 709 797 Bis
738 740 924 813 quino
952 752 1215 809 namque
1245 735 1648 791 cmlicolarum
1691 736 1897 790 ordine
1939 740 2136 788 creato
2165 733 2264 787 de-

614 831 889 901 cimoque
933 827 1125 898 lapso,
1172 825 1510 880 contumaci
1553 824 1902 893 arrogantiae
1943 822 2266 893 jactantiaa-

615 936 730 993 que
762 934 884 973 suae
929 915 1127 987 jurgio
1167 931 1461 986 cursuque
1490 915 1665 969 totius
1697 913 2019 968 mundanae
2069 911 2261 977 molis,

616 1008 1008 1080 ejusdemque
1038 1004 1285 1059 miriﬁco
1334 1008 1547 1058 ornatu
1576 1002 1856 1074 perfecto,
1898 1001 2019 1056 duo
2050 1015 2265 1055 conne-

616 1101 746 1152 tens
775 1095 1086 1160 elementa,
1120 1091 1318 1146 vivum
1368 1090 1587 1145 scilicet
1622 1096 1678 1145 et
1718 1089 2170 1155 moribundum,
2202 1087 2262 1141 in

619 1201 808 1241 unum
835 1181 1113 1251 efﬁgiavit
1146 1183 1297 1235 Deus
1328 1180 1636 1235 hominem
1666 1179 1744 1235 ita
1774 1177 2171 1233 immortalem
2193 1192 2265 1231 ex

615 1273 780 1342 limo,
808 1277 871 1327 ut
899 1270 1082 1340 gloria
1112 1274 1167 1324 et
1192 1269 1417 1323 honore
1439 1285 1579 1323 eum
1601 1272 1931 1333 coronaret,
1969 1281 2264 1337 superque

616 1377 793 1434 opere
848 1374 1136 1415 manuum
1185 1373 1431 1411 suarum
1488 1357 1871 1411 constitueret
1918 1361 1974 1410 et
2022 1355 2100 1410 ad
2146 1370 2262 1408 cce-

615 1449 822 1506 lestem
848 1447 1197 1518 angelorum
1229 1445 1501 1513 gloriam,
1533 1462 1719 1517 quam
1749 1461 2037 1511 arrogans
2069 1442 2266 1515 perdi-

616 1540 801 1604 derat,
833 1537 1200 1610 quandoque
1232 1535 1356 1590 sine
1396 1535 1589 1589 carnis
1620 1540 1807 1589 morte
1840 1536 2115 1589 transiret
2141 1550 2154 1599 ;
2185 1532 2267 1586 sic

618 1644 756 1684 vero
785 1625 1205 1691 immortalem,
1239 1628 1321 1694 ut,
1356 1624 1403 1678 si
1434 1640 1493 1678 se
1525 1623 1598 1678 ad
1633 1622 1962 1679 Conditoris
2004 1621 2092 1675 sui
2125 1621 2267 1675 obe-

617 1717 902 1773 dientiam
926 1713 1177 1771 vinculis
1207 1713 1507 1768 charitatis
1533 1717 1840 1779 coartaret,
1862 1711 2093 1779 legibus
2121 1726 2275 1764 mor-

617 1806 688 1861 tis
732 1820 855 1860 non
901 1801 1287 1859 incubuisset.
1321 1803 1555 1865 Verum,
1603 1800 1723 1855 heu
1771 1799 1977 1854 dolor!
2040 1798 2269 1870 perfido

614 1894 801 1951 hostis
828 1893 1053 1964 antiqui
1085 1894 1217 1945 astu
1242 1889 1643 1945 fraudulenter
1672 1889 2009 1952 intricatus,
2044 1886 2269 1957 cupidi-

617 1987 928 2054 tatumque
954 1979 1243 2035 illecebris
1285 1978 1520 2050 illeptus
1554 1982 1969 2049 praeceptaque
2002 1975 2269 2029 Plasma-

616 2072 759 2129 toris
787 2070 1153 2139 negligenter
1182 2084 1467 2139 spernens
1508 2066 1765 2137 indeque
1811 2066 1939 2119 neci
1991 2064 2268 2129 obnixus,

618 2164 799 2231 atque
831 2157 908 2213 ab
940 2154 1383 2212 ammnitatibus
1414 2154 1674 2225 paradisi
1706 2153 1914 2224 pulsus
1956 2151 2273 2207 mundiali-

618 2246 736 2303 bus
765 2244 1047 2300 aerumnis
1077 2248 1165 2298 est
1193 2242 1659 2313 deputatus.Nec
1691 2245 1888 2296 tamen
1918 2240 2269 2295 sententiam

621 2332 1025 2390 damnationis
1063 2332 1189 2403 ipse
1234 2330 1394 2384 solus
1428 2330 1673 2400 excepit,
1719 2330 1822 2383 sed
1854 2334 2034 2384 totam
2068 2346 2269 2383 secum

622 2421 873 2477 humani
900 2419 1129 2487 generis
1155 2417 1549 2490 propaginem
1568 2417 1626 2471 in
1659 2417 1886 2471 facinus
1912 2416 2272 2472 exsecrabile

624 2515 681 2564 et
708 2507 915 2563 mortis
946 2506 1325 2562 acerbitatem
1355 2504 1594 2559 invexit.
1613 2504 1757 2558 Hinc
1781 2504 1966 2558 hostis
1993 2504 2273 2575 antiquus

624 2614 803 2671 super
841 2611 1048 2652 omnes
1097 2594 1371 2650 homines
1419 2593 1820 2665 principatum
1868 2592 2272 2647 fraudulenter

621 2686 827 2751 tenuit,
860 2701 1083 2757 eosque
1115 2683 1229 2738 sibi
1259 2682 1529 2755 nequiter
1559 2681 1841 2735 subdidit.
1879 2684 2108 2746 Verum,
2128 2681 2271 2753 quia

620 2773 1033 2847 plasmationis
1064 2778 1121 2827 et
1172 2788 1348 2826 casus
1398 2768 1748 2842 protoplasti
1800 2774 2109 2824 exsecutus
2140 2786 2273 2823 sum

619 2862 872 2919 breviter
900 2863 1131 2923 seriem,
1183 2858 1279 2912 cui
1332 2857 1511 2911 corde
1541 2862 1596 2911 et
1650 2861 1843 2911 mente
1875 2858 2272 2923 adhaeremus,

620 2948 1024 3018 evangelizare
1048 2945 1221 3000 vobis
1251 2950 1467 2999 nostra:
1490 2943 1844 2999 crudelitatis
1862 2944 2045 3011 gestio
2068 2945 2269 2999 fidem.

622 3039 811 3091 Deum
842 3048 1103 3104 namque
1132 3048 1321 3086 unum
1352 3031 1409 3085 in
1442 3030 1768 3086 substantia
1793 3032 2064 3097 colimus,
2089 3031 2271 3087 Trini-

622 3127 804 3179 tatem
851 3122 909 3177 in
941 3120 1210 3193 personis
1236 3135 1631 3174 veneramur:
1682 3125 1755 3186 et,
1788 3120 1920 3175 licet
1974 3120 2049 3174 sit
2104 3122 2274 3175 Pater

625 3214 799 3276 Deus,
825 3209 1002 3264 Filius
1034 3211 1206 3275 Deus,
1242 3208 1486 3278 Spiritus
1519 3209 1764 3263 Sanctus
1792 3210 1964 3276 Deus,
2000 3224 2157 3262 unus
2188 3213 2271 3263 ta-

625 3314 762 3353 men
796 3294 1178 3351 solummodo
1211 3294 1466 3349 creditur
1496 3298 1647 3349 Deus
1684 3298 1913 3351 Patrem
1942 3294 2271 3365 genitorem

622 3384 1139 3451 vocemus,Filium
1171 3382 1431 3451 genitum
1455 3383 1809 3438 confitemur
1833 3383 2113 3455 Spiritum
2139 3399 2273 3438 san-

625 3480 783 3531 ctum
827 3490 900 3529 ex
948 3477 1197 3544 utroque
1245 3488 1489 3527 manare
1521 3472 1853 3538 credimus;
1889 3475 1945 3526 et
1993 3470 2054 3525 in
2086 3471 2272 3527 tribus

622 3564 714 3619 his
745 3561 1032 3636 personis,
1065 3560 1282 3616 scilicet
1313 3560 1620 3628 Genitoris,
1648 3564 1703 3615 et
1736 3559 2045 3629 Unigeniti,
2093 3566 2272 3631 atque

621 3669 695 3709 ex
723 3657 973 3723 utroque
1003 3649 1400 3714 Procedentis,
1427 3649 1795 3704 divinitatem
1828 3664 2034 3718 unam,
2067 3664 2271 3720 requa-

619 3742 859 3813 lemque
914 3739 1163 3808 gloriam
1217 3742 1273 3793 et
1326 3738 1702 3809 majestatem
1758 3738 2125 3808 profitemur.
2166 3737 2271 3791 Hic

621 3845 887 3900 namque
912 3832 1063 3884 Deus
1092 3829 1305 3884 coelum
1347 3828 1665 3884 subtilitate
1691 3826 2020 3898 suspendit,
2054 3832 2272 3882 terram

624 3920 782 3976 mole
818 3919 1100 3989 fundavit,
1150 3920 1341 3977 maria
1387 3919 1630 3975 calculis
1679 3916 1964 3986 alligavit,
1993 3922 2050 3972 et
2078 3917 2138 3972 in
2181 3916 2275 3971 his

625 4008 831 4065 omnia
855 4025 1248 4083 quaecumque
1275 4006 1668 4076 voluit,verbo
1691 4004 1917 4073 fecit,et
1938 4004 2149 4075 spiritu
2167 4020 2274 4059 suo

627 4112 698 4153 ea
726 4096 998 4153 firmavit.
1034 4097 1136 4153 Hic
1175 4111 1439 4168 namque
1472 4094 1636 4150 solus
1666 4091 2273 4148 habetimmortalita-

625 4189 764 4255 tem,
797 4190 853 4241 et
877 4184 1071 4241 lucem
1099 4184 1330 4241 habitat
1357 4180 1852 4238 inaccessibilem.
1888 4178 2063 4251 Apud
2091 4196 2273 4250 quem

624 4289 747 4329 non
774 4278 862 4329 est
886 4273 1322 4341 transmutatio,
1363 4285 1475 4326 nec
1497 4267 1921 4324 vicissitudinis
1952 4267 2272 4323 obumbra-

623 4363 724 4419 tio.
755 4363 935 4433 Cujus
963 4379 1198 4437 semper
1235 4366 1323 4417 est
1351 4375 1499 4427 esse,
1528 4362 1818 4413 aeternum
1849 4360 1905 4412 et
1935 4357 2268 4413 incommu-

624 4451 892 4508 tabiliter.
925 4452 1036 4519 Qui
1074 4451 1201 4507 sine
1248 4447 1577 4504 mutatione
1616 4444 1707 4500 sui
1744 4444 1923 4501 habet
1960 4447 2270 4502 mutabilia

624 4540 957 4613 disponere,
989 4540 1113 4595 sine
1143 4535 1478 4594 diversitate
1522 4533 1612 4587 sui
1657 4532 1893 4589 diversa
1918 4549 2114 4604 agere,
2144 4535 2269 4590 sine

625 4628 1051 4698 cogitationum
1070 4622 1470 4682 vicissitudine
1482 4621 2197 4689 dissimiliaformare.Qui
2217 4627 2275 4679 et

625 4717 846 4791 ubique
876 4722 985 4782 est,
1014 4720 1071 4771 et
1117 4714 1351 4783 absque
1398 4710 1530 4765 loco
1562 4712 1883 4784 totus,quia
1917 4717 1972 4767 et
1997 4714 2270 4768 omnium

626 4811 1030 4862 creaturarum
1044 4803 1171 4874 ipse
1191 4797 1582 4871 inferior,ipse
1612 4800 1999 4873 interior,ipse
2022 4802 2273 4856 exterior

626 4897 800 4965 Deus,
832 4891 1103 4964 superior
1131 4891 1220 4942 est
1255 4886 1535 4957 regendo,
1575 4887 1813 4943 inferior
1839 4888 2157 4961 portando,
2189 4888 2273 4942 in-

625 4982 800 5038 terior
829 4976 1135 5052 replendo,
1168 4974 1415 5030 exterior
1444 4975 2063 5031 circumdando.lntra
2094 4976 2267 5045 cujus

617 5068 829 5140 judicii
851 5062 1344 5135 omnipotentiam
1369 5070 1579 5122 cuncta
1600 5068 1995 5132 coarctantur,
2018 5063 2269 5133 ejusque

623 5154 888 5231 potentia
917 5152 996 5207 ab
1029 5150 1148 5206 ulla
1175 5156 1452 5209 creaturae
1483 5159 1701 5210 natura
1742 5168 1865 5208 non
1908 5150 2271 5205 transcendi-

625 5250 720 5300 tur
748 5261 761 5310 ;
793 5241 938 5312 quia
968 5238 1255 5296 celsitudo
1286 5242 1412 5312 ejus
1441 5241 1760 5298 divinitatis
1792 5255 1901 5294 nec
1932 5238 2109 5310 coepit
2137 5254 2267 5294 esse

624 5346 737 5387 nec
760 5327 995 5396 desinit,
1017 5331 1073 5382 et
1090 5343 1197 5384 nec
1218 5345 1323 5402 per
1341 5329 1573 5385 initium
1603 5327 1866 5384 nascitur
1888 5341 1995 5381 nec
2017 5326 2267 5382 termino

625 5416 1175 5484 coangustatur.Hic
1202 5434 1465 5489 namque
1496 5420 1650 5473 Deus
1680 5414 1936 5469 Verbum
1953 5415 2115 5487 quod
2142 5419 2270 5471 erat

624 5505 687 5560 in
704 5503 991 5578 principio
1012 5505 1174 5577 apud
1190 5522 1326 5561 eum
1338 5510 1412 5567 ,et
1435 5503 1597 5575 quod
1618 5503 1742 5557 sine
1764 5507 2027 5575 tempore
2044 5502 2263 5571 genuit,

626 5591 706 5648 ob
736 5599 998 5649 nostram
1028 5592 1500 5664 redemptionem
1528 5590 1824 5646 incarnari
1849 5591 2156 5663 disposuit.
2188 5594 2267 5646 Ex

626 5688 1020 5741 sacrosanctae
1044 5680 1296 5751 Virginis
1326 5695 1522 5747 carne,
1551 5679 1764 5751 angelo
1792 5679 2102 5736 nuntiante
2128 5696 2265 5752 pro-

2366 468 2447 523 dii
2498 470 2814 542 pudorem,
2861 473 2917 524 et
2970 484 3314 540 pannorum
3352 467 3637 523 illuviem

2369 558 2693 614 vilitatem:
2751 575 2938 630 quam
2988 557 3233 629 quidem
3276 557 3666 613 nativitatem

2369 647 2591 711 mirari,
2625 647 2729 701 sed
2760 663 2894 701 eam
2923 646 3168 701 minime
3191 646 3465 701 valemus
3494 646 3666 701 intue

2369 735 2495 790 nim
2525 735 2703 804 digne
2728 734 2891 806 loqui
2922 738 3116 806 potest
3144 733 3456 806 quomodo
3488 733 3570 788 de
3615 753 3666 787 ae

2371 829 2459 878 est
2487 829 2816 879 comternus
2838 824 2865 877 ‘?
2914 829 2970 878 et
3009 822 3318 894 quomodo
3350 827 3491 878 ante
3531 839 3661 877 saec

2372 913 2665 985 aequalem
2692 912 2801 966 sibi
2834 912 3085 981 genuit?
3115 917 3171 967 et
3195 911 3514 983 quomodo
3555 917 3666 967 nat

2372 1002 2663 1074 posterior
2688 1017 2809 1056 non
2841 1003 2971 1057 est?
3002 1000 3165 1072 quod
3195 1004 3283 1055 est
3304 1003 3475 1056 Pater
3493 1001 3618 1056 hoc
3641 1016 3666 1070 ε

2378 1095 2581 1157 Deum,
2604 1090 2706 1144 lux
2732 1089 3288 1154 lucem,immensus
3310 1088 3666 1143 immensum

2374 1178 2679 1233 hensibilis
2708 1176 3398 1248 incomprehensibilem,
3428 1177 3666 1248 omnipi

2373 1271 2675 1338 potentem
2704 1282 2893 1320 unum
2916 1281 3138 1327 secum,
3154 1270 3211 1320 et
3230 1270 3626 1331 coaeternum,
3645 1283 3666 1319 ε

2374 1354 2512 1410 lem.
2547 1355 2655 1419 Qui
2695 1359 2870 1409 natus
2921 1370 2991 1408 ex
3040 1357 3205 1409 Patre
3245 1354 3370 1408 sine
3402 1358 3666 1426 tempori

2375 1444 2537 1498 nasci
2565 1443 2843 1511 dignatus
2870 1447 2959 1497 est
2994 1442 3053 1496 in
3082 1447 3369 1514 tempore,
3399 1446 3458 1497 et
3487 1442 3571 1497 ad
3605 1442 3661 1496 el

2376 1532 2647 1587 tudinem
2676 1547 2832 1585 unus
2862 1531 2920 1585 in
2950 1536 3202 1594 utraque
3234 1536 3290 1586 et
3320 1547 3391 1585 ex
3424 1536 3666 1602 utraqui

2381 1624 2533 1675 Deus
2557 1620 2901 1692 permansit-
2914 1637 3051 1674 cum
3080 1623 3330 1685 Patre,et
3346 1619 3423 1675 ad
3439 1620 3666 1692 redem;

2313 1725 2352 1778 Β
2380 1716 2563 1764 stram
2587 1710 2776 1764 factus
2797 1714 2884 1763 est
2904 1710 3087 1763 homo
3110 1709 3379 1763 mortalis
3403 1709 3479 1763 de
3501 1715 3664 1765 matr

2379 1799 2713 1853 humanum
2742 1814 2931 1867 genus
2974 1814 3097 1851 suae
3130 1796 3535 1851 similitudinis
3588 1803 3648 1852 et

2381 1892 2690 1955 gmentum
2707 1886 2993 1954 sualarga
3014 1885 3396 1940 miseratione
3418 1886 3498 1941 ab
3511 1887 3666 1941 host:

2380 1976 2731 2041 angelorum
2762 1974 3151 2029 immanitate.
3194 1978 3666 2047 Temporumqut

2380 2081 2588 2119 cursus
2619 2064 2958 2119 humaniter
2982 2080 3334 2135 exsequens,
3361 2064 3666 2135 diversaqi

2380 2153 2725 2209 mirabiliter
2754 2167 3069 2223 peragens,
3104 2151 3322 2206 scilicet
3347 2167 3627 2220 gressum
3663 2178 3666 2199 ι

2379 2243 2569 2298 ditum
2612 2241 2826 2307 surdis,
2884 2240 3084 2295 visum
3115 2241 3306 2308 caecis,
3337 2240 3665 2313 pristinam

2379 2330 2724 2403 paralyticis
2752 2347 2763 2394 ;
2792 2328 3085 2384 mundam
3118 2333 3473 2400 gratamque
3498 2334 3557 2384 et
3581 2330 3665 2385 de

2381 2425 2497 2474 tem
2522 2424 2578 2473 et
2603 2434 2843 2472 carnem
2870 2416 3117 2488 leprosis
3138 2416 3420 2485 largiens;
3448 2417 3666 2489 marisc

2382 2507 2494 2561 sibi
2520 2512 2577 2561 et
2618 2509 2782 2561 Petro
2812 2504 3126 2560 calcabiles
3167 2505 3463 2577 praebens,
3505 2505 3665 2577 ipsiq

2381 2595 2571 2650 ventis
2600 2594 2950 2666 praecipiens
2978 2611 2990 2647 :
3033 2597 3323 2659 mortuos,
3353 2593 3499 2659 quin
3530 2593 3666 2649 etiai

2378 2684 2439 2739 in
2471 2688 2862 2738 monumento
2894 2681 3383 2753 quatriduanum,
3417 2683 3666 2738 suscitat

2380 2788 2755 2844 quaecunque
2782 2770 2966 2825 voluit
2992 2771 3051 2825 in
3085 2771 3257 2837 cmlo,
3281 2777 3338 2827 et
3376 2771 3435 2826 in
3468 2776 3645 2840 terra,

2380 2867 2436 2916 et
2462 2862 2521 2915 in
2551 2860 2831 2915 omnibus
2863 2860 3101 2931 abyssis
3128 2860 3277 2915 fecit.
3302 2860 3563 2932 Denique
3595 2861 3666 2915 ad

2379 2950 2587 3005 mortis
2619 2949 3024 3020 spectaculum
3048 2950 3336 3021 pervenit,
3353 2966 3539 3022 quam
3564 2954 3622 3005 et
3645 2968 3666 3006 ε

2326 3070 2342 3109 τ
2382 3036 2701 3103 sustinens,
2733 3035 2881 3090 dum
2913 3053 3021 3091 suo
3051 3037 3125 3091 de
3153 3037 3335 3092 latere
3380 3053 3604 3109 aquam
3644 3055 3666 3093 ε

2379 3123 2655 3195 produxi,
2681 3123 2969 3192 virginem
2994 3125 3570 3197 immaculatamque
3592 3142 3660 3180 ec

2380 3211 2666 3275 exhibuit,
2684 3212 2975 3281 sanguine
3004 3214 3403 3286 redemptam,
3420 3214 3592 3269 latice
3624 3231 3666 3270 ei

2380 3315 2454 3354 ne
2479 3304 2582 3355 aut
2607 3300 2907 3356 maculam
2937 3301 3180 3357 haberet
3203 3318 3311 3374 per
3324 3302 3666 3367 crimen,aui

2379 3388 2806 3460 duplicitatem.
2856 3390 3048 3445 Mortis
3091 3406 3356 3462 namque
3388 3391 3666 3446 celebrat<

2379 3475 2731 3548 infernoque
2764 3477 3110 3548 exspoliato,
3155 3478 3251 3533 die
3281 3479 3533 3534 surrexit
3580 3484 3665 3534 ter

2380 3564 2657 3619 ﬁdleibus
2690 3582 2750 3620 se
2782 3566 3170 3622 manifestum
3190 3567 3497 3631 exhibens,
3533 3584 3666 3622 cum

2382 3652 2591 3721 sando,
2633 3653 3098 3725 quadragesimo
3141 3671 3263 3710 suae
3306 3655 3666 3711 resurrectio:

2379 3756 2730 3812 nem,quam
2752 3741 2826 3796 de
2848 3742 3081 3810 Virgine
3106 3743 3666 3816 sumpsrt,apostolis

2381 3828 2613 3883 sustulit
2643 3829 2811 3884 cmlo.
2845 3830 3008 3885 Hanc
3038 3846 3301 3903 namque
3329 3836 3605 3900 mortem,
3637 3848 3666 3904 q

2380 3916 2661 3988 antiquus
2704 3918 3073 3991 protoplasto
3104 3920 3426 3991 generique
3454 3921 3581 3991 eius
3634 3921 3666 3975 i1

2378 4003 2495 4059 lere
2522 4004 2759 4059 famulis
2790 4006 2910 4060 suis
2948 4007 3202 4078 paravit,
3235 4007 3461 4079 iterque
3491 4007 3666 4062 invio]

2382 4092 2772 4150 escenderent
2814 4094 2975 4149 unde
3006 4094 3160 4167 lapsi
3190 4099 3348 4165 sunt,
3380 4096 3665 4151 demonst

2379 4197 2622 4236 carnem
2667 4186 2933 4237 nostram
2964 4198 3169 4237 secum
3211 4182 3289 4239 ad
3320 4188 3484 4239 astra
3531 4184 3665 4238 vexi

2380 4269 2597 4341 copula
2637 4269 2897 4325 duorum
2942 4270 3393 4339 elementorum,
3454 4271 3666 4327 scilicet

2379 4356 2528 4411 dum
2580 4356 2789 4411 vixerit
2826 4360 2944 4413 Deo
2990 4356 3312 4413 famulatus
3360 4358 3550 4424 fuerit,
3600 4360 3666 4429 eji

2379 4444 2561 4516 ceptis
2606 4445 2739 4501 totis
2778 4446 2995 4501 virium
3043 4446 3462 4502 conaminibus
3502 4447 3666 4503 obedi

2376 4534 2511 4589 viva
2539 4538 2597 4589 et
2651 4534 2965 4606 potentior,
3015 4551 3149 4607 quae
3181 4551 3425 4604 germen
3455 4536 3531 4592 ab
3574 4538 3666 4592 aetl

2377 4622 2614 4694 hospita
2660 4622 2890 4679 viscera
2928 4624 3021 4679 sui
3068 4624 3354 4696 corporis,
3404 4627 3666 4682 recusati:

2378 4710 2582 4775 hostis,
2634 4711 2713 4766 ad
2741 4712 2962 4767 aethera
2993 4728 3198 4768 secum
3246 4714 3589 4786 reportabit.
3650 4718 3666 4771 ε

2375 4799 2574 4853 restris
2596 4798 2873 4855 voluntas
2894 4800 3122 4855 luteum
3148 4803 3500 4873 sapuerit,et
3525 4818 3665 4873 grav

2377 4888 2717 4958 captaverit,
2794 4889 3131 4960 animaeque
3187 4891 3453 4957 virtutes,
3514 4908 3666 4947 αοειρς

2375 4976 2564 5032 mium
2625 4976 2798 5044 vitiis,
2854 4977 3269 5050 abdicastique
3321 4981 3666 5052 promission

2372 5063 2434 5118 in
2489 5064 2790 5136 baptismo
2855 5066 3267 5138 spoponderit,
3325 5067 3583 5139 pondere
3638 5085 3666 5140 ς

2372 5153 2750 5225 oppresserit,
2801 5153 3069 5209 animam
3123 5171 3326 5211 secum
3378 5156 3612 5211 trahens

2371 5240 3013 5313 torquebit.Propterea
3043 5242 3328 5315 sepulcris
3348 5243 3666 5315 impenditu

2372 5328 2514 5384 colis
2546 5327 2809 5384 maxima
2838 5345 3002 5399 cura,
3030 5331 3259 5404 illisque
3282 5332 3600 5387 creduntur
3620 5350 3666 5388 C(

2371 5417 2607 5489 penitus
2636 5422 2892 5484 mortua,
2926 5420 3030 5475 sed
3062 5436 3303 5475 summo
3358 5422 3513 5490 [leg.,
3546 5437 3666 5477 som

2370 5503 2514 5576 quia
2539 5504 2772 5560 venient
2796 5506 2937 5561 olim
2970 5507 3189 5563 saecula
3216 5507 3278 5562 in
3319 5507 3534 5579 quibus
3564 5525 3662 5563 soc

2370 5592 2531 5646 calor
2560 5593 2814 5649 visitabit
2838 5611 2994 5661 ossa,
3012 5595 3265 5667 vivoque
3290 5596 3573 5664 sanguine
3604 5613 3666 5651 ar

2369 5680 2774 5753 tabitpristina
2801 5681 3438 5749 habitacula,videlicet
3456 5683 3666 5741 cadave
