3878 6392
65 300 171 351 745

754 302 841 353 DE
882 302 1121 359 GESTIS
1161 303 1587 359 NORMANNl/E
1626 301 1882 357 DUCUM.
1924 334 1991 344 -—
2031 308 2160 361 LIB.

2239 312 2326 364 Ill.
2370 309 2791 367 RICHARDUS.
3374 318 3478 371 ’746

62 420 423 491 putrefacta,
457 421 852 494 volucresque
882 425 1189 497 rapientur
1218 427 1277 481 in
1301 442 1475 482 auras
1504 425 1730 498 priores
1768 428 1817 479 A
1847 427 2036 485 otiosa
2075 430 2221 487 dum
2251 449 2639 505 supervacuas
2668 433 2949 506 loqueris.
2982 436 3101 491 Pax
3158 439 3215 492 et
3261 452 3505 494 concor-

0 504 11 539 ⁵
60 524 221 580 quas
253 509 597 565 habuerunt
627 511 863 565 animas
910 516 1211 582 comitata,
1272 515 1416 587 quia
1464 514 1730 570 interitus

0 596 5 627 ί
58 598 251 667 hujus
281 598 491 654 mortis
522 600 819 670 reparatio
847 607 934 657 est
968 602 1093 657 vitae
1144 603 1423 659 melioris.
1479 608 1625 659 Nam
1682 603 1731 658 si

0 686 5 721 ι
58 682 303 739 cariosa
333 688 596 738 vetustas
641 688 830 739 totum
886 702 1102 759 corpus
1156 688 1508 755 dissolverit,
1565 692 1629 743 ut
1671 688 1732 743 in

0 774 3 807 7
57 788 355 828 mensura
384 773 614 827 minimi
642 774 848 844 pugilli
880 776 1007 845 ejus
1070 778 1389 832 civisculus
1422 778 1513 846 sit,
1538 777 1732 833 illum-

54 877 183 932 que
215 861 477 916 cinerem
505 877 661 929 vaga
690 862 937 918 ﬂamina
983 870 1037 919 et
1096 882 1256 920 aurte
1308 882 1413 938 per
1471 882 1730 921 vacuum

52 944 243 1000 inane
274 946 533 1015 tulerint,
567 946 873 1002 hominem
908 949 1133 1019 perisse
1165 966 1287 1004 non
1313 950 1512 1005 licebit
1565 968 1576 1004 :
1632 966 1731 1005 ve-

50 1050 200 1089 rum
232 1039 337 1090 aut
367 1052 505 1089 cum
533 1051 655 1106 quo
686 1036 931 1091 virtutes
961 1038 1165 1093 anima
1191 1040 1540 1106 exercuerit,
1592 1056 1729 1094 cum

48 1124 197 1196 ipso
226 1125 740 1191 remunerabitur;
769 1131 872 1181 aut
904 1145 1041 1183 cum
1060 1145 1182 1200 quo
1210 1130 1559 1200 peccaverit,
1590 1146 1729 1185 cum

44 1217 193 1280 ipso
251 1210 557 1282 punietur;
625 1218 682 1266 et
735 1211 835 1279 ita,
892 1213 1093 1282 judice
1157 1213 1383 1269 Christo
1430 1214 1529 1268 Dei
1586 1213 1729 1280 ﬁlio,

49 1300 234 1354 ibunt
262 1299 428 1371 impii
456 1298 518 1354 in
542 1298 743 1369 ignem
773 1304 1083 1369 aeternum,
1103 1301 1247 1371 justi
1280 1306 1480 1357 autem
1534 1302 1595 1357 in
1650 1302 1730 1357 vi-

50 1393 184 1444 tam
216 1393 522 1444 aeternam.
549 1389 683 1443 Haec
712 1393 798 1444 est
826 1390 978 1445 ﬁdes
1011 1390 1322 1457 catholica,
1372 1408 1559 1463 quam
1612 1392 1729 1446 nisi

47 1473 319 1546 quisque
350 1473 597 1528 ﬁdeliter
622 1472 986 1546 ﬁrmiterque
1013 1474 1348 1544 crediderit,
1394 1475 1596 1530 salvus
1629 1492 1723 1531 es-

51 1579 122 1617 se
154 1578 277 1617 non
308 1562 539 1634 poterit.
577 1565 693 1617 Hoc
723 1562 1172 1618 ﬁrmamentum
1210 1563 1528 1620 salutiferae
1586 1580 1725 1619 nos-

52 1657 162 1707 trae
193 1650 575 1719 credulitatis,
598 1651 711 1705 hoc
744 1651 1092 1722 symbolum
1120 1652 1444 1724 profuturae
1476 1652 1616 1708 ﬁdei
1667 1659 1723 1708 et

50 1736 289 1791 salutis.
319 1759 346 1783 ››
378 1737 518 1797 Quae
551 1735 860 1790 audientes
892 1735 1028 1791 Daci
1069 1736 1526 1808 obstupuerunt,
1570 1737 1721 1793 imo-

48 1842 175 1897 que
204 1825 500 1880 trahentes
520 1841 732 1879 vocem
762 1842 835 1880 ex
865 1830 1102 1897 pectore
1139 1826 1418 1881 dixerunt
1467 1844 1478 1880 :
1532 1849 1557 1875 ((
1594 1828 1722 1883 Heu

48 1914 233 1970 nobis
286 1914 559 1969 omnium
608 1914 904 1969 bonorum
956 1914 1199 1983 ignaris,
1273 1916 1719 1989 scripturasque

47 1998 478 2069 nescientibus,
508 2014 704 2070 neque
728 1999 1004 2053 virtutem
1036 1998 1153 2065 Dei,
1186 2000 1329 2072 quia
1376 2000 1525 2055 nihil
1555 2001 1721 2056 diffe-

46 2087 243 2141 rimus
288 2085 520 2151 belluis,
576 2102 771 2158 neque
820 2086 1034 2141 avibus
1089 2086 1256 2141 coeli!
1310 2086 1422 2141 Illae
1465 2104 1587 2159 quo
1638 2091 1717 2145 ad

47 2192 319 2249 praesens
340 2176 544 2231 vivant
589 2177 923 2247 quaeritant,
968 2175 1235 2249 nihilque
1293 2176 1715 2249 adquisitionis

48 2261 169 2315 sibi
206 2266 586 2315 conservant.
630 2264 745 2315 Nos
772 2276 912 2315 vero
942 2276 1065 2332 quo
1104 2260 1370 2315 similiter
1418 2260 1712 2331 vivamus,

48 2348 391 2420 rapinando
418 2348 783 2404 incessanter
808 2348 1157 2420 quaerimus,
1193 2350 1298 2404 sed
1348 2349 1408 2404 in
1437 2365 1508 2405 eo
1541 2350 1620 2405 ab
1644 2350 1712 2405 i1-

48 2437 125 2491 lis
156 2436 473 2503 distamus,
506 2437 649 2508 quia
676 2436 842 2508 quod
873 2436 1007 2492 cibo
1061 2437 1350 2509 potuique
1404 2438 1711 2507 exuberat,

48 2522 113 2576 in
134 2525 441 2593 posterum
472 2521 927 2575 thezaurizando
974 2536 1371 2577 reservamus.
1406 2524 1490 2578 Da
1538 2522 1712 2577 nobis

46 2609 289 2665 salubre
320 2609 653 2676 consilium,
689 2610 950 2681 petimus
983 2615 1280 2682 quatenus
1311 2610 1388 2665 ad
1444 2626 1710 2683 praesens

44 2704 106 2753 et
129 2699 190 2753 in
220 2703 509 2753 aeternum
536 2698 733 2752 vivere
764 2698 1096 2753 valeamus.
1136 2722 1161 2747 ››
1195 2701 1355 2753 Tunc
1385 2697 1509 2753 dux
1542 2715 1555 2754 :
1587 2721 1615 2747 ‹‹
1654 2699 1709 2755 Si

44 2782 200 2837 velle
217 2787 307 2838 est
330 2782 503 2837 vobis
520 2782 803 2836 inhaerere
820 2782 1037 2838 nostris
1061 2781 1344 2852 consiliis,
1363 2797 1475 2851 ego
1492 2782 1710 2838 faciam

43 2889 157 2928 vos
187 2872 462 2943 primitus
486 2871 776 2943 baptizari
801 2871 861 2926 in
892 2871 1134 2926 nomine
1162 2872 1347 2927 Patris
1384 2875 1439 2926 et
1483 2871 1604 2926 Filii
1654 2877 1711 2927 et

46 2961 301 3034 Spiritus
334 2960 519 3016 sancti
552 2978 563 3028 ;
599 2960 994 3033 ampliorique
1042 2960 1259 3016 deinde
1312 2960 1705 3029 integerrimas

42 3046 189 3101 ﬁdei
218 3044 639 3118 priedicatione
671 3045 748 3099 ab
780 3044 1074 3117 episcopis
1105 3044 1409 3117 profusius
1465 3044 1705 3113 erudiri,

41 3141 259 3208 postea
305 3134 656 3189 muneribus
713 3132 1086 3205 largissimis,
1136 3133 1563 3205 beneﬁciisque
1585 3150 1707 3189 am-
1740 3127 1780 3181 C

42 3218 334 3293 plissimis
350 3218 543 3283 ditari,
571 3217 792 3290 quibus
818 3217 1016 3273 vivere
1038 3218 1368 3290 quiveritis,
1393 3218 1526 3273 etin
1544 3223 1706 3273 aeter-

41 3324 198 3364 num
252 3323 373 3362 non
403 3306 687 3379 peribitis.
746 3306 858 3362 Sed
917 3307 1052 3361 vitae
1104 3307 1414 3379 praesentis
1472 3298 1705 3377 solatio,

41 3400 260 3453 futurae
289 3396 783 3453 remunerationis
812 3396 1017 3451 bravio
1050 3396 1176 3451 sine
1234 3396 1353 3451 ﬁne
1406 3396 1705 3466 fruemini,

42 3484 92 3537 si
124 3481 519 3550 integerrimm
563 3479 749 3552 pacis,
805 3496 993 3553 quam
1048 3480 1309 3553 requiro,
1368 3480 1706 3536 felicitatem

40 3588 170 3627 non
202 3570 547 3627 abnueritis.
578 3592 605 3618 ››
636 3573 709 3624 At
728 3568 810 3624 illi
844 3586 856 3626 :
889 3591 916 3617 ‹‹
948 3572 1015 3623 Et
1040 3569 1415 3624 securitatem
1446 3568 1631 3640 pacis,
1652 3573 1709 3624 et

41 3666 313 3716 tenorem
344 3662 746 3714 sacrosanctae
772 3656 911 3711 ﬁdei
944 3656 1315 3729 spondemus
1334 3656 1456 3723 tibi,
1484 3662 1705 3711 etnun-

37 3760 232 3817 quam
262 3743 471 3797 devius
501 3758 663 3797 error
690 3746 795 3796 tuo
821 3740 1067 3796 consilio
1089 3740 1330 3795 deviare
1360 3755 1473 3794 nos
1503 3754 1706 3813 perur-

36 3834 224 3905 gebit.
258 3854 286 3881 »
334 3834 511 3886 Pacta
559 3830 784 3904 quippe
830 3833 1011 3885 noctu
1040 3828 1179 3901 ﬁde,
1212 3833 1269 3884 et
1304 3829 1505 3899 jurata
1534 3827 1702 3900 pacis

34 3923 262 3997 quiete,
295 3921 441 3977 dixit
483 3920 813 3975 Richardus
861 3919 1209 3975 demulcens
1261 3934 1363 3974 eos
1418 3916 1703 3974 mellitlua

34 4007 401 4064 allocutione
454 4023 465 4059 :
530 4028 557 4053 ‹‹
586 4004 981 4071 Revertimini,
1016 4019 1286 4058 mearum
1322 4001 1541 4057 virium
1573 4001 1704 4057 ani-

34 4112 281 4170 maeque
312 4112 460 4151 meae
483 4099 703 4168 partes,
736 4094 949 4150 furtivo
980 4109 1189 4163 gressu
1217 4092 1295 4149 ad
1323 4095 1550 4147 vestras
1598 4107 1703 4146 na-

32 4206 167 4256 ves,
196 4201 271 4240 ne
297 4184 615 4240 videamini
645 4201 657 4238 :
718 4198 913 4255 neque
959 4181 1105 4237 sciat
1154 4181 1412 4254 quisque
1455 4181 1573 4236 huc
1594 4197 1703 4235 vos

31 4271 280 4328 venisse
306 4272 728 4341 praecaventes.
760 4266 1026 4322 Diluculo
1048 4282 1188 4321 vero
1220 4265 1519 4322 revocabo
1572 4282 1701 4330 vos,

29 4360 383 4436 pariterque
415 4356 880 4413 tumultuantem
910 4356 1054 4411 dira:
1085 4355 1328 4411 cervicis
1358 4354 1618 4427 plebem,
1650 4359 1706 4409 et

30 4442 445 4517 depostulaho
502 4440 872 4496 multimodis
928 4439 1268 4512 precatibus
1337 4443 1601 4495 vestram
1650 4443 1707 4494 et

29 4536 279 4591 illorum
358 4531 659 4604 pietatem,
736 4528 902 4601 pacis
978 4527 1109 4584 dari
1187 4528 1572 4594 incrementa,
1650 4530 1707 4583 et

30 4622 258 4699 quietis
299 4619 686 4677 afﬁnitatem.
747 4616 1034 4673 Abdicate
1087 4621 1144 4672 et
1192 4616 1447 4671 resistite
1502 4615 1706 4686 objur-

30 4708 245 4781 gando
298 4722 436 4761 cum
464 4704 577 4759 illis
602 4702 799 4758 verbis
830 4701 1000 4771 meis,
1054 4700 1420 4772 tandemque
1474 4699 1707 4772 prolixa

31 4795 342 4855 simultate
421 4794 520 4849 vix
573 4792 742 4848 ﬁnita
792 4790 941 4846 votis
993 4789 1358 4860 adquiescite
1442 4788 1614 4843 meis.
1672 4810 1700 4837 »

32 4887 138 4942 His
171 4885 253 4939 ita
276 4883 619 4939 clanculum
648 4880 959 4955 peroratis,
990 4878 1065 4933 ad
1122 4894 1231 4933 sua
1284 4876 1540 4949 quisque
1570 4892 1704 4931 ves-

28 4970 180 5041 tigia
211 4968 395 5024 torsit.
424 4968 617 5022 Primo
643 4966 843 5037 itaque
871 4978 1048 5018 mane
1071 4961 1194 5016 dux
1239 4976 1498 5030 magnus
1545 4960 1705 5016 festi-

28 5063 254 5117 nanter
308 5061 631 5125 consurgit,
688 5050 1349 5122 innumerabilibusque
1411 5052 1705 5105 Dacorum

28 5147 386 5219 legionibus
409 5146 608 5201 ascitis
630 5141 985 5199 ﬁducialiter
1004 5139 1179 5195 dixit:
1199 5162 1227 5188 «
1243 5137 1541 5195 Malivolas
1564 5154 1704 5209 pra-

27 5258 123 5295 va
151 5236 497 5293 intentionis
524 5234 814 5301 ambages
844 5246 1036 5303 usque
1063 5228 1248 5284 modo
1304 5227 1701 5300 praestolatus,

24 5331 251 5385 iterum
281 5325 618 5395 iterumque
639 5326 909 5394 repetam
962 5318 1141 5374 vestri
1170 5316 1451 5374 obstinati
1506 5315 1703 5371 cordis

25 5431 375 5475 excessum.
421 5413 796 5479 Abnegatam
848 5407 1146 5463 multoties
1193 5405 1701 5479 opportunitatem

26 5507 203 5581 pacis
228 5503 388 5570 date,
420 5515 756 5574 precamur,
789 5498 984 5553 nobis.
1016 5520 1041 5546 ››
1092 5499 1253 5552 Tunc
1312 5493 1703 5550 Northmanni

24 5596 344 5653 voluntate
375 5590 666 5661 dispares,
697 5587 1022 5641 intulerunt
1040 5585 1332 5640 Richardo
1351 5600 1470 5638 una
1498 5583 1700 5637 dicen-

26 5693 114 5743 tes
140 5703 153 5740 ;
182 5706 211 5732 ‹‹
238 5683 485 5736 Frustra
510 5677 806 5739 laboram,
839 5674 942 5747 qui
971 5689 1154 5745 supra
1181 5677 1411 5745 petram
1471 5671 1701 5725 semina

21 5776 236 5848 jactat.
263 5768 599 5826 Verborum
614 5770 857 5821 tuorum
900 5762 1171 5819 laborem
1192 5760 1445 5817 inaniter
1474 5758 1695 5827 fundis,

434 5858 681 5911 Puram.
722 5849 894 5906 CXLI.

1846 516 1964 585 dia,
2016 519 2110 573 cui
2142 536 2262 575 non
2290 522 2666 594 acquiescere
2697 523 2997 594 superﬂue
3055 524 3297 595 satagis,
3354 526 3505 583 inter

1844 620 1956 660 nos
1987 612 2042 662 et
2074 611 2327 664 Francos
2353 626 2659 682 nusquam
2690 614 2747 665 et
2773 627 3087 683 nunquam
3118 612 3244 669 erit.
3303 616 3505 670 Exter-

1842 695 2237 753 minabuntur
2263 703 2482 766 autem,
2531 700 2917 771 perimentur,
2977 704 3034 757 et
3084 702 3281 757 omnis
3339 703 3503 761 natio

1841 784 2081 841 illorum
2112 787 2348 859 penitus
2378 788 2688 844 delebitur.
2721 789 2775 845 Si
2815 789 2950 861 quis
2992 790 3278 861 indignus
3330 792 3506 849 fuerit

1843 873 2142 944 inventus,
2166 882 2383 933 nostrae
2409 877 2619 933 ditioni
2666 878 2796 949 [al.,
2830 879 3178 951 conditioni]
3227 881 3501 953 subjace-

1842 962 1945 1018 bit.
1976 967 2180 1020 Nonne
2211 982 2360 1021 avus
2395 971 2532 1022 tuus
2563 972 2777 1023 terram
2809 967 2902 1022 cui
2932 984 3182 1041 praces,
3224 969 3500 1043 depopu-

1841 1046 1981 1104 latio
2012 1052 2271 1108 Franciae
2304 1070 2511 1125 regno,
2563 1054 2890 1111 vindicavit
2911 1055 3023 1111 sibi
3046 1057 3228 1112 armis
3245 1058 3272 1113 ?
3292 1080 3319 1108 »
3341 1061 3501 1115 Tunc

1842 1153 1879 1192 a
1938 1139 2183 1196 minimo
2238 1159 2427 1215 usque
2478 1144 2557 1199 ad
2608 1146 2943 1201 maximum
2972 1146 3329 1219 reciproqua
3354 1164 3502 1205 voce

1843 1228 2038 1283 cuncti
2068 1230 2346 1286 dixerunt
2398 1249 2410 1285 :
2458 1255 2483 1281 ‹‹
2517 1235 2633 1288 Aut
2659 1233 3010 1305 moriemur,
3040 1237 3146 1289 aut
3168 1234 3501 1291 vindicabi-

1844 1319 1955 1371 tur.
1991 1342 2017 1368 »
2050 1318 2379 1375 Richardus
2408 1338 2550 1377 vero
2567 1322 2691 1377 dux
2711 1338 2967 1393 magnus
2988 1338 3196 1394 preces
3218 1324 3498 1397 precibus

1833 1405 2145 1475 jungebat,
2173 1424 2396 1481 eosque
2426 1409 2569 1466 dare
2604 1427 2816 1484 pacem
2859 1410 3078 1467 obnixe
3131 1412 3494 1484 postulabat.

1841 1495 1954 1550 Sed
1976 1513 2147 1551 mens
2168 1498 2407 1554 illorum
2432 1500 2712 1572 precibus
2732 1501 2862 1571 ejus
2884 1500 3133 1557 minime
3149 1502 3494 1575 acquiesce-

1836 1582 1957 1640 bat.
1982 1588 2141 1641 Tunc
2159 1586 2260 1653 illi,
2278 1587 2382 1660 qui
2402 1592 2583 1644 noctu
2605 1606 2819 1660 pacem
2843 1590 3313 1663 spoponderant,
3329 1597 3495 1649 caete-

1836 1673 1915 1728 ris
1937 1674 2264 1731 intulerunt
2294 1695 2306 1733 :
2352 1700 2379 1726 ‹‹
2399 1680 2506 1734 Pro
2532 1679 2704 1750 cujus
2753 1679 2851 1749 adj
2862 1680 3051 1736 utorio
3070 1684 3126 1736 et
3148 1680 3495 1738 defensione

1758 1782 1795 1835 Β
1832 1762 1949 1819 huc
1976 1764 2361 1837 accessimus,
2402 1783 2777 1841 consequens
2812 1772 2906 1824 est
2937 1773 3002 1824 ut
3038 1770 3318 1842 precibus
3364 1772 3493 1843 ejus

1830 1868 2173 1925 pareamus.
2198 1856 2615 1928 Opportunum
2632 1861 2719 1912 est
2735 1856 2863 1912 ﬁeri
2884 1857 3334 1930 quodambiens
3358 1875 3497 1918 con-

1829 1942 2097 2015 cupiscit,
2118 1944 2709 2016 satisfactionemque
2732 1947 3059 2003 ccncedere
3079 1947 3330 2005 libenter
3355 1950 3488 2021 ejus

1828 2031 1979 2086 votis
2006 2050 2019 2100 ;
2053 2033 2226 2103 cujus
2269 2034 2517 2090 consilio
2547 2046 2667 2090 aut)
2684 2036 3014 2103 erebimus,
3046 2036 3162 2093 nisi
3192 2038 3359 2094 istius
3379 2040 3407 2094 ‘I
3438 2043 3495 2095 et

1828 2121 2000 2191 cujus
2013 2122 2353 2193 precatibus
2374 2123 2851 2195 acquiesccmus,
2871 2124 2984 2179 nisi
3005 2126 3177 2196 cujus
3198 2126 3491 2183 beneﬁcio

1825 2209 2092 2281 quotidie
2106 2210 2359 2266 fruimur
2381 2211 2589 2283 [haud]
2608 2214 2851 2284 p‘u‘cius
2875 2213 2903 2267 ?
2932 2234 2960 2261 ››
2979 2212 3080 2268 His
3123 2214 3363 2284 auditis,
3387 2216 3492 2287 qui

1825 2302 2190 2355 nocturnum
2218 2300 2581 2370 ignorabant
2599 2301 2913 2356 consilium
2926 2345 2938 2367 ,
2966 2302 3346 2358 vehementer
3366 2308 3491 2359 tur-

1823 2385 1967 2453 bati,
1993 2393 2304 2459 coeperunt
2341 2388 2752 2444 vehementius
2797 2388 3024 2445 obortis
3073 2391 3491 2448 contradictio-

1823 2491 1971 2531 num
1986 2476 2508 2533 vociferationibus
2521 2478 2785 2543 rixari,et
2797 2477 3077 2534 dixerunt
3097 2497 3109 2533 :
3136 2502 3163 2527 «
3187 2482 3253 2535 Ut
3263 2496 3485 2548 remur,

1822 2564 2105 2631 fautores,
2131 2567 2278 2638 quin
2301 2566 2640 2622 adulatores
2672 2567 2854 2637 hujus
2894 2568 3128 2624 consilii
3158 2569 3321 2640 estis,
3348 2570 3487 2626 ideo

1821 2652 1962 2708 talia
1990 2653 2219 2709 nefaria
2249 2654 2424 2709 nobis
2453 2654 2820 2726 impenditis.
2849 2658 2978 2710 Non
3002 2656 3109 2711 erit
3140 2656 3479 2712 secundum

1820 2742 1993 2797 vestri
2022 2743 2311 2814 propositi
2340 2742 2595 2813 libitum,
2628 2760 2733 2798 nec
2761 2760 2879 2816 pax
2903 2761 3040 2816 quae
3071 2745 3340 2816 requitur
3368 2746 3481 2803 da-

1817 2829 1977 2885 bitur
2005 2829 2083 2885 ab
2111 2830 2231 2885 ullo
2261 2834 2553 2886 nostrum.
2587 2833 3063 2887 Consentaneam
3112 2836 3323 2888 vestrae
3380 2849 3485 2890 vo-

1818 2917 2029 2974 luntati
2049 2918 2440 2973 intentionem
2468 2918 2662 2975 hiulce
2712 2918 2887 2975 nobis
2939 2920 3274 2991 aperuistis,
3343 2938 3480 2994 quae

1818 3004 2217 3074 refragabitur
2244 3007 2528 3063 audacter
2582 3007 3000 3081 superstitibus
3050 3008 3246 3063 nobis.
3310 3010 3486 3075 Quod

1820 3094 2071 3150 mandat
2085 3099 2483 3169 precaturque
2535 3096 2682 3163 dux,
2728 3096 2974 3152 minime
2989 3096 3484 3155 intercessoribus

1817 3182 1989 3238 vobis
2014 3184 2385 3256 parebimus,
2417 3201 2622 3241 verum
2648 3185 2895 3241 Francia
2916 3201 3109 3258 usque
3130 3185 3209 3241 ad
3228 3186 3483 3243 interne-

1819 3272 2053 3328 cionem
2069 3273 2253 3329 armis
2272 3274 2525 3330 ferocius
2545 3274 3030 3348 depopulabitur.
3065 3298 3092 3324 ››
3143 3278 3304 3332 Tunc
3347 3292 3485 3333 noc-

1816 3361 2065 3416 turnalis
2088 3362 2317 3417 consilii
2338 3363 2732 3419 conventione
2752 3364 2881 3433 jam
2927 3363 3159 3434 lucrati,
3195 3363 3476 3420 dixerunt

1816 3451 2119 3506 acerrimis
2140 3451 2415 3507 bacchati
2431 3451 2596 3506 furiis
2624 3468 2634 3503 :
2658 3473 2685 3499 «
2705 3455 2764 3505 Nc
2778 3468 2835 3506 in
2855 3452 3353 3508 intercessoribus
3372 3470 3477 3509 no-

1814 3538 1906 3594 bis
1929 3554 2048 3610 pax
2068 3538 2328 3606 dabitur,
2377 3538 2482 3594 sed
2524 3555 2660 3594 eam
2698 3539 3034 3595 volentibus
3058 3539 3479 3597 nolentibusve

1813 3626 1987 3681 vobis
2009 3626 2148 3681 duci
2168 3642 2393 3695 magno
2408 3626 2653 3695 largieni.
2668 3643 2754 3681 ιη’.
2777 3626 2930 3691 Quid
2950 3626 3124 3682 nobis
3139 3627 3471 3699 vobisque?

1816 3719 2018 3770 Nonne
2034 3715 2206 3771 vobis
2228 3720 2372 3770 natu
2394 3715 2671 3785 majores,
2696 3715 2983 3787 prosapia
3004 3715 3346 3784 nobiliores,
3379 3733 3471 3773 ar-

1812 3802 1926 3858 mis
1948 3802 2312 3858 robustiores
2336 3803 2363 3857 ?
2386 3806 2513 3858 Non
2535 3802 2981 3871 intercessores,
3007 3802 3115 3859 sed
3157 3803 3468 3873 largitores

1812 3892 1977 3963 pacis
1994 3891 2294 3947 nominari
2314 3891 2752 3947 debuissemus.
2776 3914 2804 3941 »
2847 3893 2977 3957 Quo
2989 3891 3216 3956 audito,
3234 3891 3359 3947 dux
3380 3892 3470 3947 Ri-

1811 3981 2095 4050 chardus,
2118 3981 2256 4037 hinc
2283 3982 2567 4037 secedens
2584 3982 2666 4037 ait
2685 3981 2887 4037 ascitis
2913 3981 3036 4037 suis
3054 3980 3460 4054 principibus:

1814 4070 1992 4126 Sinite
2014 4070 2143 4126 illos
2164 4070 2503 4126 adinvicem
2524 4069 2626 4126 feri
2639 4076 2722 4127 ter
2736 4070 2938 4135 rixari,
2954 4075 3012 4127 et
3031 4070 3350 4127 videamus
3367 4071 3471 4139 qui

1810 4157 2048 4214 illoruu:
2069 4159 2433 4232 potentiores
2456 4162 2513 4215 et
2528 4158 2797 4214 fortlores
2813 4158 3155 4215 exstiterint.
3174 4158 3478 4214 Tertribus

1811 4247 1990 4318 igitur
2009 4248 2222 4305 diebus
2242 4249 2424 4319 hujus
2448 4248 2711 4305 conmoti
2737 4248 3067 4318 litigatione
3106 4247 3323 4314 ductis,
3372 4246 3477 4301 ad-

1815 4337 2293 4410 mirantibusque
2317 4336 2693 4406 Francigenis
2716 4352 2855 4392 cum
2894 4335 3288 4401 Richardidis,
3312 4334 3475 4389 dixe-

1812 4428 1951 4479 runt
1966 4424 2314 4480 refutatores
2326 4425 2491 4495 pacis
2510 4424 2765 4497 satrapis
2784 4423 3063 4496 prudenti
3079 4422 3323 4478 consilio
3334 4435 3475 4477 noc-

1813 4518 1877 4568 tu
1898 4512 2238 4584 acquisitis:
2266 4515 2486 4583 «Natu,
2509 4511 2915 4584 prosapiaque
2942 4515 3122 4582 atque
3148 4509 3331 4565 armis
3360 4525 3472 4582 po-

1813 4602 2093 4658 tentiores
2115 4600 2275 4664 estis,
2297 4600 2554 4672 ideoque
2571 4600 2838 4656 volenter
2857 4600 3245 4671 nolenterque
3270 4614 3474 4655 assen-

1814 4692 2030 4747 tiemur
2049 4690 2240 4746 vobis.
2270 4689 2326 4744 Si
2350 4688 2680 4745 Richardus
2697 4689 2842 4759 dux,
2886 4702 3123 4757 magnae
3161 4687 3473 4760 potestatis

1812 4780 2185 4851 largissimos
2197 4779 2386 4834 nostri
2406 4778 2628 4835 itineris
2649 4784 2927 4851 sumptus
2953 4775 3129 4832 nobis
3164 4792 3472 4832 concesse-

1811 4870 1905 4933 rit,
1928 4885 2161 4941 nosque
2180 4868 2513 4925 conducere
2531 4884 2653 4941 quo
2675 4867 2875 4924 vivere
2893 4881 3270 4939 regnumque
3290 4881 3472 4938 expu-

1814 4975 1998 5029 gnare
2018 4957 2324 5014 valeamus
2345 4958 2548 5014 fecerit
2566 4976 2578 5025 ;
2603 4956 2863 5013 Francia:
2879 4971 3135 5025 regnum
3151 4970 3472 5028 parcemus

1813 5053 1877 5104 ut
1890 5047 2104 5121 petitis.
2121 5046 2396 5119 Alioquin
2419 5063 2480 5102 se
2496 5062 2623 5116 age;
2638 5052 2731 5115 ite,
2751 5044 3081 5113 Franciam,
3099 5060 3289 5116 quam
3304 5043 3472 5100 inva-

1813 5138 2021 5204 simus,
2046 5137 2359 5192 contritam
2378 5135 2549 5192 bellis
2569 5134 2969 5207 incendioque
2994 5137 3052 5188 et
3094 5132 3320 5206 rapinis
3361 5149 3472 5207 ap-

1816 5226 2174 5300 plicabimus
2198 5224 2460 5280 severius
2482 5224 2678 5281 nobis.
2708 5246 2739 5275 »
2760 5227 2921 5279 Tunc
2943 5221 3262 5295 optimates
3278 5238 3469 5295 paga-

1812 5331 2028 5370 norum
2044 5313 2137 5368 his
2155 5311 2457 5383 responsis
2477 5310 2615 5375 lzeti,
2639 5327 2774 5383 quae
2794 5310 3113 5367 audierunt
3145 5310 3474 5367 retulerunt

1813 5401 2105 5459 Richardo
2125 5399 2283 5456 duci.
2302 5398 2543 5470 EXpleta
2558 5415 2825 5473 namque
2848 5398 3165 5469 legatione,
3191 5399 3322 5455 inﬁt
3347 5400 3472 5456 dux

1810 5493 2146 5563 praspotens
2166 5487 2334 5542 laetus
2351 5486 2552 5543 futura
2575 5503 2723 5559 pace
2770 5505 2782 5542 :
2827 5487 3144 5543 «Etvictus
3175 5487 3471 5560 amplissi-

1808 5583 2023 5646 mos,et
2034 5578 2283 5633 viatores
2300 5576 2785 5648 quamplurimos
2800 5584 2855 5634 et
2869 5578 3471 5650 praecautos,insuper

1808 5673 1864 5724 et
1879 5669 2137 5722 honores
2160 5667 2463 5720 conferam
2506 5664 2901 5735 largissimos,
2934 5670 3114 5739 atque
3137 5666 3468 5722 conducere

1809 5756 1887 5811 ad
1902 5755 2171 5812 tellurem
2193 5752 2462 5825 opimam
2478 5752 2699 5809 faciam
2717 5754 2876 5813 illos.
2905 5778 2932 5804 »
2960 5755 3313 5811 Renuntiato
3354 5753 3464 5807 lar-

3118 5846 3187 5896 24
