  <div class='ocr_page' id='page_1' title='image "/cluster/home/n/w/nwhite01/storage/ocr_20150623/140-141/uc1.31175018559917/949.png"; bbox 0 0 3878 6378; ppageno 0'>
   <div class='ocr_carea' id='block_1_1' title="bbox 641 259 741 312">
    <p class='ocr_par' dir='ltr' id='par_1_1' title="bbox 641 259 741 312">
     <span class='ocr_line' id='line_1_1' title="bbox 641 259 741 312; baseline -0.02 0"><span class='ocrx_word' id='word_1_1' title='bbox 641 259 741 312; x_wconf 72' lang='grc'><strong>747</strong></span> 
     </span>
    </p>
   </div>
   <div class='ocr_carea' id='block_1_2' title="bbox 1616 244 3078 308">
    <p class='ocr_par' dir='ltr' id='par_1_2' title="bbox 1616 244 3078 308">
     <span class='ocr_line' id='line_1_2' title="bbox 1616 244 3078 308; baseline 0 -2"><span class='ocrx_word' id='word_1_2' title='bbox 1616 251 1918 308; x_wconf 85' lang='lat' dir='ltr'><strong>DUDONIS</strong></span> <span class='ocrx_word' id='word_1_3' title='bbox 1956 247 2207 306; x_wconf 84' lang='lat' dir='ltr'><strong>DECANI</strong></span> <span class='ocrx_word' id='word_1_4' title='bbox 2250 246 2304 299; x_wconf 89' lang='lat' dir='ltr'><strong>S.</strong></span> <span class='ocrx_word' id='word_1_5' title='bbox 2348 244 2651 307; x_wconf 79' lang='lat' dir='ltr'><strong>QUINTINI</strong></span> <span class='ocrx_word' id='word_1_6' title='bbox 2698 251 3078 306; x_wconf 80' lang='lat' dir='ltr'><strong>VIROMAND.</strong></span> 
     </span>
    </p>
   </div>
   <div class='ocr_carea' id='block_1_3' title="bbox 645 369 3655 451">
    <p class='ocr_par' dir='ltr' id='par_1_3' title="bbox 645 369 3655 451">
     <span class='ocr_line' id='line_1_3' title="bbox 645 369 3655 451; baseline -0.003 -16"><span class='ocrx_word' id='word_1_7' title='bbox 645 379 909 451; x_wconf 81' lang='lat' dir='ltr'><strong>gissimae</strong></span> <span class='ocrx_word' id='word_1_8' title='bbox 957 377 1372 451; x_wconf 88' lang='lat' dir='ltr'><strong>promissionis</strong></span> <span class='ocrx_word' id='word_1_9' title='bbox 1417 376 1678 446; x_wconf 87' lang='lat' dir='ltr'><strong>negotio,</strong></span> <span class='ocrx_word' id='word_1_10' title='bbox 1733 375 2089 444; x_wconf 79' lang='lat' dir='ltr'><strong>sedenthuc</strong></span> <span class='ocrx_word' id='word_1_11' title='bbox 2150 384 2283 423; x_wconf 81' lang='lat' dir='ltr'><strong>cum</strong></span> <span class='ocrx_word' id='word_1_12' title='bbox 2326 370 2371 420; x_wconf 83' lang='lat' dir='ltr'><strong>A</strong></span> <span class='ocrx_word' id='word_1_13' title='bbox 2404 369 2697 424; x_wconf 73' lang='lat' dir='ltr'><strong>l‘rofectus</strong></span> <span class='ocrx_word' id='word_1_14' title='bbox 2727 378 2964 445; x_wconf 87' lang='lat' dir='ltr'><strong>portum</strong></span> <span class='ocrx_word' id='word_1_15' title='bbox 2994 373 3289 441; x_wconf 80' lang='lat' dir='ltr'><strong>stabilem,</strong></span> <span class='ocrx_word' id='word_1_16' title='bbox 3315 372 3655 444; x_wconf 88' lang='lat' dir='ltr'><strong>ventisque</strong></span> 
     </span>
    </p>
   </div>
   <div class='ocr_carea' id='block_1_4' title="bbox 647 460 2288 535">
    <p class='ocr_par' dir='ltr' id='par_1_4' title="bbox 647 460 2288 535">
     <span class='ocr_line' id='line_1_4' title="bbox 647 460 2288 535; baseline -0.007 -13"><span class='ocrx_word' id='word_1_17' title='bbox 647 468 800 535; x_wconf 61' lang='lat' dir='ltr'><strong>suis,“</strong></span> <span class='ocrx_word' id='word_1_18' title='bbox 832 465 1205 535; x_wconf 83' lang='lat' dir='ltr'><strong>Francigenis</strong></span> <span class='ocrx_word' id='word_1_19' title='bbox 1236 464 1626 533; x_wconf 84' lang='lat' dir='ltr'><strong>adstantibus,</strong></span> <span class='ocrx_word' id='word_1_20' title='bbox 1655 464 1803 518; x_wconf 92' lang='lat' dir='ltr'><strong>duce</strong></span> <span class='ocrx_word' id='word_1_21' title='bbox 1834 460 2142 527; x_wconf 82' lang='lat' dir='ltr'><strong>Richardo,</strong></span> <span class='ocrx_word' id='word_1_22' title='bbox 2192 474 2288 511; x_wconf 86' lang='lat' dir='ltr'><strong>ve-</strong></span> 
     </span>
    </p>
   </div>
   <div class='ocr_carea' id='block_1_5' title="bbox 648 545 2291 626">
    <p class='ocr_par' dir='ltr' id='par_1_5' title="bbox 648 545 2291 626">
     <span class='ocr_line' id='line_1_5' title="bbox 648 545 2291 626; baseline -0.008 -14"><span class='ocrx_word' id='word_1_23' title='bbox 648 559 868 612; x_wconf 76' lang='lat' dir='ltr'><strong>nerunt</strong></span> <span class='ocrx_word' id='word_1_24' title='bbox 891 555 1267 621; x_wconf 82' lang='lat' dir='ltr'><strong>unanimiter,</strong></span> <span class='ocrx_word' id='word_1_25' title='bbox 1312 554 1782 626; x_wconf 87' lang='lat' dir='ltr'><strong>pepigeruntque</strong></span> <span class='ocrx_word' id='word_1_26' title='bbox 1809 550 1972 624; x_wconf 83' lang='lat' dir='ltr'><strong>pacis</strong></span> <span class='ocrx_word' id='word_1_27' title='bbox 2002 549 2182 603; x_wconf 82' lang='lat' dir='ltr'><strong>ﬁdem</strong></span> <span class='ocrx_word' id='word_1_28' title='bbox 2212 545 2291 600; x_wconf 92' lang='lat' dir='ltr'><strong>illi</strong></span> 
     </span>
    </p>
   </div>
   <div class='ocr_carea' id='block_1_6' title="bbox 647 636 2291 707">
    <p class='ocr_par' dir='ltr' id='par_1_6' title="bbox 647 636 2291 707">
     <span class='ocr_line' id='line_1_6' title="bbox 647 636 2291 707; baseline -0.007 -7"><span class='ocrx_word' id='word_1_29' title='bbox 647 645 815 700; x_wconf 85' lang='lat' dir='ltr'><strong>vultu</strong></span> <span class='ocrx_word' id='word_1_30' title='bbox 846 643 1165 700; x_wconf 85' lang='lat' dir='ltr'><strong>submisso.</strong></span> <span class='ocrx_word' id='word_1_31' title='bbox 1202 642 1524 698; x_wconf 84' lang='lat' dir='ltr'><strong>Richardus</strong></span> <span class='ocrx_word' id='word_1_32' title='bbox 1554 658 1694 696; x_wconf 91' lang='lat' dir='ltr'><strong>vero</strong></span> <span class='ocrx_word' id='word_1_33' title='bbox 1723 641 1949 707; x_wconf 75' lang='lat' dir='ltr'><strong>legatos</strong></span> <span class='ocrx_word' id='word_1_34' title='bbox 1972 637 2124 705; x_wconf 83' lang='lat' dir='ltr'><strong>regis</strong></span> <span class='ocrx_word' id='word_1_35' title='bbox 2148 636 2291 691; x_wconf 89' lang='lat' dir='ltr'><strong>dita-</strong></span> 
     </span>
    </p>
   </div>
   <div class='ocr_carea' id='block_1_7' title="bbox 650 725 2291 804">
    <p class='ocr_par' dir='ltr' id='par_1_7' title="bbox 650 725 2291 804">
     <span class='ocr_line' id='line_1_7' title="bbox 650 725 2291 804; baseline -0.007 -14"><span class='ocrx_word' id='word_1_36' title='bbox 650 738 737 790; x_wconf 91' lang='lat' dir='ltr'><strong>tos</strong></span> <span class='ocrx_word' id='word_1_37' title='bbox 764 732 1112 789; x_wconf 83' lang='lat' dir='ltr'><strong>muneribus</strong></span> <span class='ocrx_word' id='word_1_38' title='bbox 1140 731 1562 804; x_wconf 70' lang='lat' dir='ltr'><strong>prmmaximis,</strong></span> <span class='ocrx_word' id='word_1_39' title='bbox 1597 731 1672 786; x_wconf 86' lang='lat' dir='ltr'><strong>ad</strong></span> <span class='ocrx_word' id='word_1_40' title='bbox 1704 746 1901 796; x_wconf 82' lang='lat' dir='ltr'><strong>regem</strong></span> <span class='ocrx_word' id='word_1_41' title='bbox 1951 725 2291 783; x_wconf 82' lang='lat' dir='ltr'><strong>Lotharium</strong></span> 
     </span>
    </p>
   </div>
   <div class='ocr_carea' id='block_1_8' title="bbox 648 813 2290 892">
    <p class='ocr_par' dir='ltr' id='par_1_8' title="bbox 648 813 2290 892">
     <span class='ocr_line' id='line_1_8' title="bbox 648 813 2290 892; baseline -0.007 -13"><span class='ocrx_word' id='word_1_42' title='bbox 648 823 891 879; x_wconf 85' lang='lat' dir='ltr'><strong>remisit.</strong></span> <span class='ocrx_word' id='word_1_43' title='bbox 927 821 1316 878; x_wconf 88' lang='lat' dir='ltr'><strong>Denominato</strong></span> <span class='ocrx_word' id='word_1_44' title='bbox 1346 821 1543 892; x_wconf 83' lang='lat' dir='ltr'><strong>itaque</strong></span> <span class='ocrx_word' id='word_1_45' title='bbox 1576 821 1669 875; x_wconf 90' lang='lat' dir='ltr'><strong>die</strong></span> <span class='ocrx_word' id='word_1_46' title='bbox 1700 820 1901 875; x_wconf 89' lang='lat' dir='ltr'><strong>etloco</strong></span> <span class='ocrx_word' id='word_1_47' title='bbox 1923 813 2290 889; x_wconf 80' lang='lat' dir='ltr'><strong>paeiticipla-</strong></span> 
     </span>
    </p>
   </div>
   <div class='ocr_carea' id='block_1_9' title="bbox 650 909 2290 984">
    <p class='ocr_par' dir='ltr' id='par_1_9' title="bbox 650 909 2290 984">
     <span class='ocr_line' id='line_1_9' title="bbox 650 909 2290 984; baseline -0.008 -16"><span class='ocrx_word' id='word_1_48' title='bbox 650 913 766 981; x_wconf 89' lang='lat' dir='ltr'><strong>citi,</strong></span> <span class='ocrx_word' id='word_1_49' title='bbox 789 912 1062 984; x_wconf 87' lang='lat' dir='ltr'><strong>datisque</strong></span> <span class='ocrx_word' id='word_1_50' title='bbox 1094 916 1307 984; x_wconf 68' lang='lat' dir='ltr'><strong>optatae</strong></span> <span class='ocrx_word' id='word_1_51' title='bbox 1341 910 1505 982; x_wconf 85' lang='lat' dir='ltr'><strong>pacis</strong></span> <span class='ocrx_word' id='word_1_52' title='bbox 1564 909 1836 975; x_wconf 77' lang='lat' dir='ltr'><strong>induciis,</strong></span> <span class='ocrx_word' id='word_1_53' title='bbox 1890 921 2159 977; x_wconf 78' lang='lat' dir='ltr'><strong>paganos</strong></span> <span class='ocrx_word' id='word_1_54' title='bbox 2218 918 2290 955; x_wconf 90' lang='lat' dir='ltr'><strong>ne</strong></span> 
     </span>
    </p>
   </div>
   <div class='ocr_carea' id='block_1_10' title="bbox 653 995 2289 1059">
    <p class='ocr_par' dir='ltr' id='par_1_10' title="bbox 653 995 2289 1059">
     <span class='ocr_line' id='line_1_10' title="bbox 653 995 2289 1059; baseline -0.008 0"><span class='ocrx_word' id='word_1_55' title='bbox 653 1002 858 1059; x_wconf 84' lang='lat' dir='ltr'><strong>Franci</strong></span> <span class='ocrx_word' id='word_1_56' title='bbox 887 1006 1090 1058; x_wconf 87' lang='lat' dir='ltr'><strong>contra</strong></span> <span class='ocrx_word' id='word_1_57' title='bbox 1118 1018 1178 1055; x_wconf 88' lang='lat' dir='ltr'><strong>se</strong></span> <span class='ocrx_word' id='word_1_58' title='bbox 1207 1000 1641 1055; x_wconf 87' lang='lat' dir='ltr'><strong>recalcitrarent</strong></span> <span class='ocrx_word' id='word_1_59' title='bbox 1673 1014 1873 1051; x_wconf 83' lang='lat' dir='ltr'><strong>secum</strong></span> <span class='ocrx_word' id='word_1_60' title='bbox 1891 995 2155 1051; x_wconf 80' lang='lat' dir='ltr'><strong>detinuit.</strong></span> <span class='ocrx_word' id='word_1_61' title='bbox 2185 996 2289 1047; x_wconf 90' lang='lat' dir='ltr'><strong>De—</strong></span> 
     </span>
    </p>
   </div>
   <div class='ocr_carea' id='block_1_11' title="bbox 655 1082 2292 1162">
    <p class='ocr_par' dir='ltr' id='par_1_11' title="bbox 655 1082 2292 1162">
     <span class='ocr_line' id='line_1_11' title="bbox 655 1082 2292 1162; baseline -0.008 -15"><span class='ocrx_word' id='word_1_62' title='bbox 655 1108 830 1147; x_wconf 87' lang='lat' dir='ltr'><strong>curso</strong></span> <span class='ocrx_word' id='word_1_63' title='bbox 862 1092 1038 1159; x_wconf 81' lang='lat' dir='ltr'><strong>igitur</strong></span> <span class='ocrx_word' id='word_1_64' title='bbox 1070 1096 1330 1162; x_wconf 90' lang='lat' dir='ltr'><strong>tempore</strong></span> <span class='ocrx_word' id='word_1_65' title='bbox 1357 1086 1671 1143; x_wconf 86' lang='lat' dir='ltr'><strong>desiderati</strong></span> <span class='ocrx_word' id='word_1_66' title='bbox 1703 1086 1921 1159; x_wconf 82' lang='lat' dir='ltr'><strong>placiti,</strong></span> <span class='ocrx_word' id='word_1_67' title='bbox 1980 1082 2138 1138; x_wconf 87' lang='lat' dir='ltr'><strong>venit</strong></span> <span class='ocrx_word' id='word_1_68' title='bbox 2193 1097 2292 1135; x_wconf 83' lang='lat' dir='ltr'><strong>rex</strong></span> 
     </span>
    </p>
   </div>
   <div class='ocr_carea' id='block_1_12' title="bbox 654 1170 2288 1250">
    <p class='ocr_par' dir='ltr' id='par_1_12' title="bbox 654 1170 2288 1250">
     <span class='ocr_line' id='line_1_12' title="bbox 654 1170 2288 1250; baseline -0.009 -14"><span class='ocrx_word' id='word_1_69' title='bbox 654 1179 961 1236; x_wconf 88' lang='lat' dir='ltr'><strong>Lotharius</strong></span> <span class='ocrx_word' id='word_1_70' title='bbox 988 1195 1163 1250; x_wconf 86' lang='lat' dir='ltr'><strong>super</strong></span> <span class='ocrx_word' id='word_1_71' title='bbox 1196 1181 1352 1249; x_wconf 67' lang='lat' dir='ltr'><strong>Eptaa</strong></span> <span class='ocrx_word' id='word_1_72' title='bbox 1384 1176 1691 1231; x_wconf 35' lang='lat' dir='ltr'><strong>t’luviolum</strong></span> <span class='ocrx_word' id='word_1_73' title='bbox 1724 1191 1858 1229; x_wconf 88' lang='lat' dir='ltr'><strong>cum</strong></span> <span class='ocrx_word' id='word_1_74' title='bbox 1892 1170 2288 1239; x_wconf 80' lang='lat' dir='ltr'><strong>Francigenis,</strong></span> 
     </span>
    </p>
   </div>
   <div class='ocr_carea' id='block_1_13' title="bbox 652 1261 2291 1341">
    <p class='ocr_par' dir='ltr' id='par_1_13' title="bbox 652 1261 2291 1341">
     <span class='ocr_line' id='line_1_13' title="bbox 652 1261 2291 1341; baseline -0.009 -17"><span class='ocrx_word' id='word_1_75' title='bbox 652 1268 993 1341; x_wconf 83' lang='lat' dir='ltr'><strong>pepigitque</strong></span> <span class='ocrx_word' id='word_1_76' title='bbox 1023 1266 1159 1321; x_wconf 85' lang='lat' dir='ltr'><strong>duci</strong></span> <span class='ocrx_word' id='word_1_77' title='bbox 1186 1265 1477 1321; x_wconf 87' lang='lat' dir='ltr'><strong>Richardo</strong></span> <span class='ocrx_word' id='word_1_78' title='bbox 1520 1264 1701 1319; x_wconf 86' lang='lat' dir='ltr'><strong>ﬁdem</strong></span> <span class='ocrx_word' id='word_1_79' title='bbox 1746 1261 2164 1317; x_wconf 76' lang='lat' dir='ltr'><strong>inextricabilis</strong></span> <span class='ocrx_word' id='word_1_80' title='bbox 2192 1275 2291 1330; x_wconf 89' lang='lat' dir='ltr'><strong>pa-</strong></span> 
     </span>
    </p>
   </div>
   <div class='ocr_carea' id='block_1_14' title="bbox 655 1352 2292 1429">
    <p class='ocr_par' dir='ltr' id='par_1_14' title="bbox 655 1352 2292 1429">
     <span class='ocr_line' id='line_1_14' title="bbox 655 1352 2292 1429; baseline -0.007 -16"><span class='ocrx_word' id='word_1_81' title='bbox 655 1359 769 1425; x_wconf 88' lang='lat' dir='ltr'><strong>cis;</strong></span> <span class='ocrx_word' id='word_1_82' title='bbox 796 1358 1133 1429; x_wconf 84' lang='lat' dir='ltr'><strong>juravitque</strong></span> <span class='ocrx_word' id='word_1_83' title='bbox 1163 1356 1287 1428; x_wconf 90' lang='lat' dir='ltr'><strong>ipse</strong></span> <span class='ocrx_word' id='word_1_84' title='bbox 1315 1359 1370 1410; x_wconf 92' lang='lat' dir='ltr'><strong>et</strong></span> <span class='ocrx_word' id='word_1_85' title='bbox 1394 1354 1708 1425; x_wconf 87' lang='lat' dir='ltr'><strong>optimates</strong></span> <span class='ocrx_word' id='word_1_86' title='bbox 1751 1352 1916 1420; x_wconf 81' lang='lat' dir='ltr'><strong>regni</strong></span> <span class='ocrx_word' id='word_1_87' title='bbox 1942 1352 2292 1406; x_wconf 70' lang='lat' dir='ltr'><strong>Northman-</strong></span> 
     </span>
    </p>
   </div>
   <div class='ocr_carea' id='block_1_15' title="bbox 653 1439 2292 1519">
    <p class='ocr_par' dir='ltr' id='par_1_15' title="bbox 653 1439 2292 1519">
     <span class='ocr_line' id='line_1_15' title="bbox 653 1439 2292 1519; baseline -0.007 -16"><span class='ocrx_word' id='word_1_88' title='bbox 653 1449 855 1503; x_wconf 88' lang='lat' dir='ltr'><strong>nicum</strong></span> <span class='ocrx_word' id='word_1_89' title='bbox 878 1462 1130 1516; x_wconf 85' lang='lat' dir='ltr'><strong>regnum</strong></span> <span class='ocrx_word' id='word_1_90' title='bbox 1152 1445 1263 1519; x_wconf 89' lang='lat' dir='ltr'><strong>ipsi</strong></span> <span class='ocrx_word' id='word_1_91' title='bbox 1293 1445 1541 1516; x_wconf 88' lang='lat' dir='ltr'><strong>ejusque</strong></span> <span class='ocrx_word' id='word_1_92' title='bbox 1572 1442 1841 1515; x_wconf 88' lang='lat' dir='ltr'><strong>posteris,</strong></span> <span class='ocrx_word' id='word_1_93' title='bbox 1869 1439 2292 1513; x_wconf 88' lang='lat' dir='ltr'><strong>quatinusipse</strong></span> 
     </span>
    </p>
   </div>
   <div class='ocr_carea' id='block_1_16' title="bbox 653 1525 2295 1601">
    <p class='ocr_par' dir='ltr' id='par_1_16' title="bbox 653 1525 2295 1601">
     <span class='ocr_line' id='line_1_16' title="bbox 653 1525 2295 1601; baseline -0.007 -10"><span class='ocrx_word' id='word_1_94' title='bbox 653 1541 709 1591; x_wconf 91' lang='lat' dir='ltr'><strong>et</strong></span> <span class='ocrx_word' id='word_1_95' title='bbox 730 1551 928 1601; x_wconf 89' lang='lat' dir='ltr'><strong>nemo,</strong></span> <span class='ocrx_word' id='word_1_96' title='bbox 960 1551 1019 1589; x_wconf 90' lang='lat' dir='ltr'><strong>se</strong></span> <span class='ocrx_word' id='word_1_97' title='bbox 1050 1535 1342 1599; x_wconf 86' lang='lat' dir='ltr'><strong>hortante,</strong></span> <span class='ocrx_word' id='word_1_98' title='bbox 1375 1532 1669 1587; x_wconf 90' lang='lat' dir='ltr'><strong>damnum</strong></span> <span class='ocrx_word' id='word_1_99' title='bbox 1701 1527 2173 1594; x_wconf 82' lang='lat' dir='ltr'><strong>illiusregiminis</strong></span> <span class='ocrx_word' id='word_1_100' title='bbox 2192 1525 2295 1580; x_wconf 90' lang='lat' dir='ltr'><strong>mi-</strong></span> 
     </span>
    </p>
   </div>
   <div class='ocr_carea' id='block_1_17' title="bbox 651 1615 2294 1690">
    <p class='ocr_par' dir='ltr' id='par_1_17' title="bbox 651 1615 2294 1690">
     <span class='ocr_line' id='line_1_17' title="bbox 651 1615 2294 1690; baseline -0.007 -12"><span class='ocrx_word' id='word_1_101' title='bbox 651 1623 812 1678; x_wconf 89' lang='lat' dir='ltr'><strong>nime</strong></span> <span class='ocrx_word' id='word_1_102' title='bbox 841 1623 1057 1678; x_wconf 88' lang='lat' dir='ltr'><strong>faceret</strong></span> <span class='ocrx_word' id='word_1_103' title='bbox 1083 1618 1183 1676; x_wconf 88' lang='lat' dir='ltr'><strong>illi.</strong></span> <span class='ocrx_word' id='word_1_104' title='bbox 1216 1620 1404 1675; x_wconf 88' lang='lat' dir='ltr'><strong>Finito</strong></span> <span class='ocrx_word' id='word_1_105' title='bbox 1456 1635 1718 1690; x_wconf 86' lang='lat' dir='ltr'><strong>namque</strong></span> <span class='ocrx_word' id='word_1_106' title='bbox 1748 1618 2073 1689; x_wconf 65' lang='lat' dir='ltr'><strong>impetratae</strong></span> <span class='ocrx_word' id='word_1_107' title='bbox 2129 1615 2294 1687; x_wconf 88' lang='lat' dir='ltr'><strong>pacis</strong></span> 
     </span>
    </p>
   </div>
   <div class='ocr_carea' id='block_1_18' title="bbox 652 1705 2367 1786">
    <p class='ocr_par' dir='ltr' id='par_1_18' title="bbox 652 1705 2367 1786">
     <span class='ocr_line' id='line_1_18' title="bbox 652 1705 2367 1786; baseline -0.006 -20"><span class='ocrx_word' id='word_1_108' title='bbox 652 1712 888 1786; x_wconf 89' lang='lat' dir='ltr'><strong>placito,</strong></span> <span class='ocrx_word' id='word_1_109' title='bbox 920 1711 1337 1782; x_wconf 70' lang='lat' dir='ltr'><strong>fmderatisque</strong></span> <span class='ocrx_word' id='word_1_110' title='bbox 1368 1726 1503 1775; x_wconf 81' lang='lat' dir='ltr'><strong>rege</strong></span> <span class='ocrx_word' id='word_1_111' title='bbox 1532 1713 1586 1763; x_wconf 90' lang='lat' dir='ltr'><strong>et</strong></span> <span class='ocrx_word' id='word_1_112' title='bbox 1612 1708 1762 1762; x_wconf 90' lang='lat' dir='ltr'><strong>duce</strong></span> <span class='ocrx_word' id='word_1_113' title='bbox 1793 1705 2104 1772; x_wconf 83' lang='lat' dir='ltr'><strong>Richardo,</strong></span> <span class='ocrx_word' id='word_1_114' title='bbox 2162 1720 2295 1757; x_wconf 90' lang='lat' dir='ltr'><strong>mu-</strong></span> <span class='ocrx_word' id='word_1_115' title='bbox 2329 1706 2367 1758; x_wconf 91' lang='lat' dir='ltr'>B</span> 
     </span>
    </p>
   </div>
   <div class='ocr_carea' id='block_1_19' title="bbox 652 1793 2294 1873">
    <p class='ocr_par' dir='ltr' id='par_1_19' title="bbox 652 1793 2294 1873">
     <span class='ocr_line' id='line_1_19' title="bbox 652 1793 2294 1873; baseline -0.007 -16"><span class='ocrx_word' id='word_1_116' title='bbox 652 1800 1012 1873; x_wconf 90' lang='lat' dir='ltr'><strong>neribusque</strong></span> <span class='ocrx_word' id='word_1_117' title='bbox 1067 1799 1304 1854; x_wconf 87' lang='lat' dir='ltr'><strong>alternis</strong></span> <span class='ocrx_word' id='word_1_118' title='bbox 1354 1803 1603 1868; x_wconf 89' lang='lat' dir='ltr'><strong>utroque</strong></span> <span class='ocrx_word' id='word_1_119' title='bbox 1660 1796 1927 1867; x_wconf 80' lang='lat' dir='ltr'><strong>largitlue</strong></span> <span class='ocrx_word' id='word_1_120' title='bbox 1969 1793 2172 1857; x_wconf 85' lang='lat' dir='ltr'><strong>ditato,</strong></span> <span class='ocrx_word' id='word_1_121' title='bbox 2207 1809 2294 1846; x_wconf 89' lang='lat' dir='ltr'><strong>re-</strong></span> 
     </span>
    </p>
   </div>
   <div class='ocr_carea' id='block_1_20' title="bbox 651 1885 2295 1960">
    <p class='ocr_par' dir='ltr' id='par_1_20' title="bbox 651 1885 2295 1960">
     <span class='ocr_line' id='line_1_20' title="bbox 651 1885 2295 1960; baseline -0.007 -15"><span class='ocrx_word' id='word_1_122' title='bbox 651 1889 915 1960; x_wconf 86' lang='lat' dir='ltr'><strong>greditur</strong></span> <span class='ocrx_word' id='word_1_123' title='bbox 939 1890 1016 1944; x_wconf 88' lang='lat' dir='ltr'><strong>ad</strong></span> <span class='ocrx_word' id='word_1_124' title='bbox 1048 1905 1156 1943; x_wconf 89' lang='lat' dir='ltr'><strong>sua</strong></span> <span class='ocrx_word' id='word_1_125' title='bbox 1186 1886 1438 1959; x_wconf 89' lang='lat' dir='ltr'><strong>quisque</strong></span> <span class='ocrx_word' id='word_1_126' title='bbox 1460 1886 1727 1958; x_wconf 90' lang='lat' dir='ltr'><strong>equitatu</strong></span> <span class='ocrx_word' id='word_1_127' title='bbox 1754 1898 2062 1956; x_wconf 88' lang='lat' dir='ltr'><strong>prospero.</strong></span> <span class='ocrx_word' id='word_1_128' title='bbox 2091 1885 2295 1935; x_wconf 79' lang='lat' dir='ltr'><strong>Rever—</strong></span> 
     </span>
    </p>
   </div>
   <div class='ocr_carea' id='block_1_21' title="bbox 653 1968 2295 2045">
    <p class='ocr_par' dir='ltr' id='par_1_21' title="bbox 653 1968 2295 2045">
     <span class='ocr_line' id='line_1_21' title="bbox 653 1968 2295 2045; baseline -0.006 -13"><span class='ocrx_word' id='word_1_129' title='bbox 653 1995 752 2033; x_wconf 92' lang='lat' dir='ltr'><strong>sus</strong></span> <span class='ocrx_word' id='word_1_130' title='bbox 801 1977 926 2031; x_wconf 80' lang='lat' dir='ltr'><strong>dux</strong></span> <span class='ocrx_word' id='word_1_131' title='bbox 976 1975 1311 2043; x_wconf 74' lang='lat' dir='ltr'><strong>magniﬁcae</strong></span> <span class='ocrx_word' id='word_1_132' title='bbox 1367 1974 1598 2045; x_wconf 83' lang='lat' dir='ltr'><strong>pietatis</strong></span> <span class='ocrx_word' id='word_1_133' title='bbox 1652 1972 1731 2026; x_wconf 91' lang='lat' dir='ltr'><strong>ad</strong></span> <span class='ocrx_word' id='word_1_134' title='bbox 1769 1971 1979 2025; x_wconf 88' lang='lat' dir='ltr'><strong>urbem</strong></span> <span class='ocrx_word' id='word_1_135' title='bbox 2014 1968 2295 2023; x_wconf 73' lang='lat' dir='ltr'><strong>laraifluae</strong></span> 
     </span>
    </p>
   </div>
   <div class='ocr_carea' id='block_1_22' title="bbox 652 2057 2296 2121">
    <p class='ocr_par' dir='ltr' id='par_1_22' title="bbox 652 2057 2296 2121">
     <span class='ocr_line' id='line_1_22' title="bbox 652 2057 2296 2121; baseline -0.007 -1"><span class='ocrx_word' id='word_1_136' title='bbox 652 2065 961 2121; x_wconf 81' lang='lat' dir='ltr'><strong>ubertatis.</strong></span> <span class='ocrx_word' id='word_1_137' title='bbox 993 2064 1434 2119; x_wconf 84' lang='lat' dir='ltr'><strong>Northmannos</strong></span> <span class='ocrx_word' id='word_1_138' title='bbox 1484 2060 1931 2116; x_wconf 58' lang='lat' dir='ltr'><strong>immanissimae</strong></span> <span class='ocrx_word' id='word_1_139' title='bbox 1986 2057 2296 2111; x_wconf 87' lang='lat' dir='ltr'><strong>ferocitatis</strong></span> 
     </span>
    </p>
   </div>
   <div class='ocr_carea' id='block_1_23' title="bbox 655 2144 2297 2219">
    <p class='ocr_par' dir='ltr' id='par_1_23' title="bbox 655 2144 2297 2219">
     <span class='ocr_line' id='line_1_23' title="bbox 655 2144 2297 2219; baseline -0.007 -11"><span class='ocrx_word' id='word_1_140' title='bbox 655 2152 767 2208; x_wconf 86' lang='lat' dir='ltr'><strong>sibi</strong></span> <span class='ocrx_word' id='word_1_141' title='bbox 795 2151 1004 2208; x_wconf 87' lang='lat' dir='ltr'><strong>adesse</strong></span> <span class='ocrx_word' id='word_1_142' title='bbox 1033 2150 1240 2219; x_wconf 91' lang='lat' dir='ltr'><strong>coegit.</strong></span> <span class='ocrx_word' id='word_1_143' title='bbox 1273 2149 1498 2213; x_wconf 87' lang='lat' dir='ltr'><strong>Quibus</strong></span> <span class='ocrx_word' id='word_1_144' title='bbox 1528 2148 1608 2203; x_wconf 86' lang='lat' dir='ltr'><strong>ait</strong></span> <span class='ocrx_word' id='word_1_145' title='bbox 1635 2165 1647 2201; x_wconf 89' lang='lat'>:</span> <span class='ocrx_word' id='word_1_146' title='bbox 1691 2170 1716 2193; x_wconf 84' lang='grc'><strong>‹‹</strong></span> <span class='ocrx_word' id='word_1_147' title='bbox 1750 2150 1825 2202; x_wconf 83' lang='lat' dir='ltr'><strong>Ne</strong></span> <span class='ocrx_word' id='word_1_148' title='bbox 1866 2144 2297 2217; x_wconf 84' lang='lat' dir='ltr'><strong>pollicitationis</strong></span> 
     </span>
    </p>
   </div>
   <div class='ocr_carea' id='block_1_24' title="bbox 656 2233 2297 2306">
    <p class='ocr_par' dir='ltr' id='par_1_24' title="bbox 656 2233 2297 2306">
     <span class='ocr_line' id='line_1_24' title="bbox 656 2233 2297 2306; baseline -0.005 -12"><span class='ocrx_word' id='word_1_149' title='bbox 656 2256 804 2294; x_wconf 67' lang='lat' dir='ltr'><strong>meae</strong></span> <span class='ocrx_word' id='word_1_150' title='bbox 830 2238 903 2293; x_wconf 90' lang='lat' dir='ltr'><strong>de</strong></span> <span class='ocrx_word' id='word_1_151' title='bbox 932 2235 1291 2292; x_wconf 87' lang='lat' dir='ltr'><strong>confidentia</strong></span> <span class='ocrx_word' id='word_1_152' title='bbox 1312 2235 1589 2304; x_wconf 89' lang='lat' dir='ltr'><strong>titubetis,</strong></span> <span class='ocrx_word' id='word_1_153' title='bbox 1618 2235 1778 2306; x_wconf 89' lang='lat' dir='ltr'><strong>quod</strong></span> <span class='ocrx_word' id='word_1_154' title='bbox 1806 2234 1947 2289; x_wconf 93' lang='lat' dir='ltr'><strong>olim</strong></span> <span class='ocrx_word' id='word_1_155' title='bbox 1975 2233 2143 2287; x_wconf 88' lang='lat' dir='ltr'><strong>vobis</strong></span> <span class='ocrx_word' id='word_1_156' title='bbox 2168 2249 2297 2303; x_wconf 87' lang='lat' dir='ltr'><strong>spo-</strong></span> 
     </span>
    </p>
   </div>
   <div class='ocr_carea' id='block_1_25' title="bbox 654 2323 2295 2401">
    <p class='ocr_par' dir='ltr' id='par_1_25' title="bbox 654 2323 2295 2401">
     <span class='ocr_line' id='line_1_25' title="bbox 654 2323 2295 2401; baseline -0.004 -17"><span class='ocrx_word' id='word_1_157' title='bbox 654 2327 843 2401; x_wconf 88' lang='lat' dir='ltr'><strong>pondi</strong></span> <span class='ocrx_word' id='word_1_158' title='bbox 871 2343 1005 2382; x_wconf 88' lang='lat' dir='ltr'><strong>ecce</strong></span> <span class='ocrx_word' id='word_1_159' title='bbox 1030 2330 1273 2399; x_wconf 89' lang='lat' dir='ltr'><strong>paratus</strong></span> <span class='ocrx_word' id='word_1_160' title='bbox 1325 2342 1458 2380; x_wconf 91' lang='lat' dir='ltr'><strong>sum</strong></span> <span class='ocrx_word' id='word_1_161' title='bbox 1515 2325 1776 2396; x_wconf 80' lang='lat' dir='ltr'><strong>exsequi.</strong></span> <span class='ocrx_word' id='word_1_162' title='bbox 1839 2327 1949 2377; x_wconf 91' lang='lat' dir='ltr'><strong>Vos</strong></span> <span class='ocrx_word' id='word_1_163' title='bbox 2006 2323 2295 2378; x_wconf 80' lang='lat' dir='ltr'><strong>beneficia</strong></span> 
     </span>
    </p>
   </div>
   <div class='ocr_carea' id='block_1_26' title="bbox 653 2412 2290 2486">
    <p class='ocr_par' dir='ltr' id='par_1_26' title="bbox 653 2412 2290 2486">
     <span class='ocr_line' id='line_1_26' title="bbox 653 2412 2290 2486; baseline -0.003 -15"><span class='ocrx_word' id='word_1_164' title='bbox 653 2416 913 2486; x_wconf 81' lang='lat' dir='ltr'><strong>largiens</strong></span> <span class='ocrx_word' id='word_1_165' title='bbox 942 2414 1276 2485; x_wconf 88' lang='lat' dir='ltr'><strong>regenerari</strong></span> <span class='ocrx_word' id='word_1_166' title='bbox 1307 2430 1475 2469; x_wconf 90' lang='lat' dir='ltr'><strong>sacro</strong></span> <span class='ocrx_word' id='word_1_167' title='bbox 1506 2413 1665 2468; x_wconf 83' lang='lat' dir='ltr'><strong>fonte</strong></span> <span class='ocrx_word' id='word_1_168' title='bbox 1697 2412 1909 2467; x_wconf 85' lang='lat' dir='ltr'><strong>faciam</strong></span> <span class='ocrx_word' id='word_1_169' title='bbox 1954 2428 2060 2466; x_wconf 88' lang='lat' dir='ltr'><strong>vos</strong></span> <span class='ocrx_word' id='word_1_170' title='bbox 2084 2428 2290 2466; x_wconf 88' lang='lat' dir='ltr'><strong>onera-</strong></span> 
     </span>
    </p>
   </div>
   <div class='ocr_carea' id='block_1_27' title="bbox 654 2500 2296 2575">
    <p class='ocr_par' dir='ltr' id='par_1_27' title="bbox 654 2500 2296 2575">
     <span class='ocr_line' id='line_1_27' title="bbox 654 2500 2296 2575; baseline -0.003 -16"><span class='ocrx_word' id='word_1_171' title='bbox 654 2504 726 2560; x_wconf 89' lang='lat' dir='ltr'><strong>tis</strong></span> <span class='ocrx_word' id='word_1_172' title='bbox 758 2505 910 2559; x_wconf 89' lang='lat' dir='ltr'><strong>farrc</strong></span> <span class='ocrx_word' id='word_1_173' title='bbox 942 2504 1235 2575; x_wconf 87' lang='lat' dir='ltr'><strong>tergisque</strong></span> <span class='ocrx_word' id='word_1_174' title='bbox 1266 2519 1439 2557; x_wconf 90' lang='lat' dir='ltr'><strong>suum</strong></span> <span class='ocrx_word' id='word_1_175' title='bbox 1470 2503 1746 2567; x_wconf 82' lang='lat' dir='ltr'><strong>navibus,</strong></span> <span class='ocrx_word' id='word_1_176' title='bbox 1795 2501 2004 2555; x_wconf 88' lang='lat' dir='ltr'><strong>viatica</strong></span> <span class='ocrx_word' id='word_1_177' title='bbox 2052 2500 2296 2567; x_wconf 87' lang='lat' dir='ltr'><strong>naviga-</strong></span> 
     </span>
    </p>
   </div>
   <div class='ocr_carea' id='block_1_28' title="bbox 652 2590 2296 2663">
    <p class='ocr_par' dir='ltr' id='par_1_28' title="bbox 652 2590 2296 2663">
     <span class='ocr_line' id='line_1_28' title="bbox 652 2590 2296 2663; baseline -0.004 -14"><span class='ocrx_word' id='word_1_178' title='bbox 652 2591 826 2649; x_wconf 89' lang='lat' dir='ltr'><strong>tionis</strong></span> <span class='ocrx_word' id='word_1_179' title='bbox 856 2592 1202 2649; x_wconf 90' lang='lat' dir='ltr'><strong>concedam.</strong></span> <span class='ocrx_word' id='word_1_180' title='bbox 1239 2595 1318 2646; x_wconf 82' lang='lat' dir='ltr'><strong>Ex</strong></span> <span class='ocrx_word' id='word_1_181' title='bbox 1366 2594 1702 2663; x_wconf 71' lang='lat' dir='ltr'><strong>praeparato</strong></span> <span class='ocrx_word' id='word_1_182' title='bbox 1758 2590 1934 2658; x_wconf 81' lang='lat' dir='ltr'><strong>igitur</strong></span> <span class='ocrx_word' id='word_1_183' title='bbox 1990 2605 2296 2643; x_wconf 87' lang='lat' dir='ltr'><strong>sacrosan-</strong></span> 
     </span>
    </p>
   </div>
   <div class='ocr_carea' id='block_1_29' title="bbox 651 2678 2294 2751">
    <p class='ocr_par' dir='ltr' id='par_1_29' title="bbox 651 2678 2294 2751">
     <span class='ocr_line' id='line_1_29' title="bbox 651 2678 2294 2751; baseline -0.005 -12"><span class='ocrx_word' id='word_1_184' title='bbox 651 2687 757 2739; x_wconf 76' lang='lat' dir='ltr'><strong>ctae</strong></span> <span class='ocrx_word' id='word_1_185' title='bbox 808 2680 1270 2751; x_wconf 86' lang='lat' dir='ltr'><strong>regenerationis</strong></span> <span class='ocrx_word' id='word_1_186' title='bbox 1323 2680 1483 2734; x_wconf 87' lang='lat' dir='ltr'><strong>fonte</strong></span> <span class='ocrx_word' id='word_1_187' title='bbox 1538 2678 1648 2734; x_wconf 91' lang='lat' dir='ltr'><strong>hos</strong></span> <span class='ocrx_word' id='word_1_188' title='bbox 1698 2678 1953 2749; x_wconf 88' lang='lat' dir='ltr'><strong>suscepit</strong></span> <span class='ocrx_word' id='word_1_189' title='bbox 2028 2678 2294 2732; x_wconf 90' lang='lat' dir='ltr'><strong>marchio</strong></span> 
     </span>
    </p>
   </div>
   <div class='ocr_carea' id='block_1_30' title="bbox 647 2766 2293 2841">
    <p class='ocr_par' dir='ltr' id='par_1_30' title="bbox 647 2766 2293 2841">
     <span class='ocr_line' id='line_1_30' title="bbox 647 2766 2293 2841; baseline -0.004 -14"><span class='ocrx_word' id='word_1_190' title='bbox 647 2786 927 2841; x_wconf 90' lang='lat' dir='ltr'><strong>magnus,</strong></span> <span class='ocrx_word' id='word_1_191' title='bbox 958 2769 1255 2825; x_wconf 89' lang='lat' dir='ltr'><strong>delibutos</strong></span> <span class='ocrx_word' id='word_1_192' title='bbox 1277 2768 1407 2823; x_wconf 90' lang='lat' dir='ltr'><strong>oleo</strong></span> <span class='ocrx_word' id='word_1_193' title='bbox 1437 2772 1494 2823; x_wconf 91' lang='lat' dir='ltr'><strong>et</strong></span> <span class='ocrx_word' id='word_1_194' title='bbox 1523 2768 1839 2822; x_wconf 88' lang='lat' dir='ltr'><strong>chrismate</strong></span> <span class='ocrx_word' id='word_1_195' title='bbox 1863 2785 1874 2834; x_wconf 94' lang='lat'>;</span> <span class='ocrx_word' id='word_1_196' title='bbox 1899 2767 2161 2821; x_wconf 89' lang='lat' dir='ltr'><strong>tribuens</strong></span> <span class='ocrx_word' id='word_1_197' title='bbox 2190 2766 2293 2821; x_wconf 89' lang='lat' dir='ltr'><strong>be-</strong></span> 
     </span>
    </p>
   </div>
   <div class='ocr_carea' id='block_1_31' title="bbox 649 2856 2290 2930">
    <p class='ocr_par' dir='ltr' id='par_1_31' title="bbox 649 2856 2290 2930">
     <span class='ocr_line' id='line_1_31' title="bbox 649 2856 2290 2930; baseline -0.004 -15"><span class='ocrx_word' id='word_1_198' title='bbox 649 2860 862 2915; x_wconf 83' lang='lat' dir='ltr'><strong>neﬁcia</strong></span> <span class='ocrx_word' id='word_1_199' title='bbox 886 2858 1281 2930; x_wconf 86' lang='lat' dir='ltr'><strong>amplissima,</strong></span> <span class='ocrx_word' id='word_1_200' title='bbox 1313 2856 1534 2928; x_wconf 91' lang='lat' dir='ltr'><strong>quibus</strong></span> <span class='ocrx_word' id='word_1_201' title='bbox 1588 2861 1963 2917; x_wconf 85' lang='lat' dir='ltr'><strong>morarentur</strong></span> <span class='ocrx_word' id='word_1_202' title='bbox 2011 2856 2073 2911; x_wconf 91' lang='lat' dir='ltr'><strong>in</strong></span> <span class='ocrx_word' id='word_1_203' title='bbox 2124 2871 2290 2928; x_wconf 89' lang='lat' dir='ltr'><strong>pace.</strong></span> 
     </span>
    </p>
   </div>
   <div class='ocr_carea' id='block_1_32' title="bbox 647 2944 2291 3018">
    <p class='ocr_par' dir='ltr' id='par_1_32' title="bbox 647 2944 2291 3018">
     <span class='ocr_line' id='line_1_32' title="bbox 647 2944 2291 3018; baseline -0.002 -16"><span class='ocrx_word' id='word_1_204' title='bbox 647 2947 783 3002; x_wconf 83' lang='lat' dir='ltr'><strong>Illos</strong></span> <span class='ocrx_word' id='word_1_205' title='bbox 810 2962 948 3002; x_wconf 91' lang='lat' dir='ltr'><strong>vero</strong></span> <span class='ocrx_word' id='word_1_206' title='bbox 977 2946 1083 3018; x_wconf 88' lang='lat' dir='ltr'><strong>qui</strong></span> <span class='ocrx_word' id='word_1_207' title='bbox 1112 2945 1392 3000; x_wconf 88' lang='lat' dir='ltr'><strong>oberrare</strong></span> <span class='ocrx_word' id='word_1_208' title='bbox 1425 2944 1744 3010; x_wconf 89' lang='lat' dir='ltr'><strong>cupiebant</strong></span> <span class='ocrx_word' id='word_1_209' title='bbox 1769 2944 2020 3016; x_wconf 88' lang='lat' dir='ltr'><strong>paganis</strong></span> <span class='ocrx_word' id='word_1_210' title='bbox 2061 2944 2291 3011; x_wconf 88' lang='lat' dir='ltr'><strong>ritibus,</strong></span> 
     </span>
    </p>
   </div>
   <div class='ocr_carea' id='block_1_33' title="bbox 2404 456 3676 533">
    <p class='ocr_par' dir='ltr' id='par_1_33' title="bbox 2404 456 3676 533">
     <span class='ocr_line' id='line_1_33' title="bbox 2404 456 3676 533; baseline 0.003 -22"><span class='ocrx_word' id='word_1_211' title='bbox 2404 456 2634 512; x_wconf 80' lang='lat' dir='ltr'><strong>Sulcavi</strong></span> <span class='ocrx_word' id='word_1_212' title='bbox 2666 461 2963 530; x_wconf 84' lang='lat' dir='ltr'><strong>profunda</strong></span> <span class='ocrx_word' id='word_1_213' title='bbox 3003 463 3179 516; x_wconf 83' lang='lat' dir='ltr'><strong>nimis</strong></span> <span class='ocrx_word' id='word_1_214' title='bbox 3212 478 3398 532; x_wconf 84' lang='lat' dir='ltr'><strong>parvo</strong></span> <span class='ocrx_word' id='word_1_215' title='bbox 3430 477 3676 533; x_wconf 60' lang='lat' dir='ltr'><strong>aequor;</strong></span> 
     </span>
    </p>
   </div>
   <div class='ocr_carea' id='block_1_34' title="bbox 2404 548 3667 620">
    <p class='ocr_par' dir='ltr' id='par_1_34' title="bbox 2404 548 3667 620">
     <span class='ocr_line' id='line_1_34' title="bbox 2404 548 3667 620; baseline 0.002 -21"><span class='ocrx_word' id='word_1_216' title='bbox 2404 548 2549 599; x_wconf 84' lang='lat' dir='ltr'><strong>Sunt</strong></span> <span class='ocrx_word' id='word_1_217' title='bbox 2578 552 2792 603; x_wconf 86' lang='lat' dir='ltr'><strong>octona</strong></span> <span class='ocrx_word' id='word_1_218' title='bbox 2816 566 2996 603; x_wconf 73' lang='lat' dir='ltr'><strong>saeue</strong></span> <span class='ocrx_word' id='word_1_219' title='bbox 3029 551 3253 620; x_wconf 79' lang='lat' dir='ltr'><strong>passim</strong></span> <span class='ocrx_word' id='word_1_220' title='bbox 3288 549 3482 602; x_wconf 78' lang='lat' dir='ltr'><strong>felicia</strong></span> <span class='ocrx_word' id='word_1_221' title='bbox 3520 549 3667 602; x_wconf 61' lang='lat' dir='ltr'><strong>vitae</strong></span> 
     </span>
    </p>
   </div>
   <div class='ocr_carea' id='block_1_35' title="bbox 2403 634 3675 692">
    <p class='ocr_par' dir='ltr' id='par_1_35' title="bbox 2403 634 3675 692">
     <span class='ocr_line' id='line_1_35' title="bbox 2403 634 3675 692; baseline 0.005 -6"><span class='ocrx_word' id='word_1_222' title='bbox 2403 634 2717 690; x_wconf 87' lang='lat' dir='ltr'><strong>Summum</strong></span> <span class='ocrx_word' id='word_1_223' title='bbox 2749 638 2924 692; x_wconf 89' lang='lat' dir='ltr'><strong>corde</strong></span> <span class='ocrx_word' id='word_1_224' title='bbox 2955 639 3187 692; x_wconf 89' lang='lat' dir='ltr'><strong>bonum</strong></span> <span class='ocrx_word' id='word_1_225' title='bbox 3217 639 3452 692; x_wconf 86' lang='lat' dir='ltr'><strong>sincero</strong></span> <span class='ocrx_word' id='word_1_226' title='bbox 3482 638 3675 692; x_wconf 82' lang='lat' dir='ltr'><strong>emitL</strong></span> 
     </span>
    </p>
   </div>
   <div class='ocr_carea' id='block_1_36' title="bbox 2404 800 3676 869">
    <p class='ocr_par' dir='ltr' id='par_1_36' title="bbox 2404 800 3676 869">
     <span class='ocr_line' id='line_1_36' title="bbox 2404 800 3676 869; baseline 0.004 -7"><span class='ocrx_word' id='word_1_227' title='bbox 2404 808 2516 863; x_wconf 85' lang='lat' dir='ltr'><strong>Sed</strong></span> <span class='ocrx_word' id='word_1_228' title='bbox 2543 827 2675 865; x_wconf 89' lang='lat' dir='ltr'><strong>mea</strong></span> <span class='ocrx_word' id='word_1_229' title='bbox 2704 830 2871 867; x_wconf 88' lang='lat' dir='ltr'><strong>meus</strong></span> <span class='ocrx_word' id='word_1_230' title='bbox 2903 814 3061 869; x_wconf 87' lang='lat' dir='ltr'><strong>tenui</strong></span> <span class='ocrx_word' id='word_1_231' title='bbox 3090 800 3385 868; x_wconf 84' lang='lat' dir='ltr'><strong>meditans</strong></span> <span class='ocrx_word' id='word_1_232' title='bbox 3418 818 3676 868; x_wconf 84' lang='lat' dir='ltr'><strong>conatui</strong></span> 
     </span>
    </p>
   </div>
   <div class='ocr_carea' id='block_1_37' title="bbox 2403 897 3675 972">
    <p class='ocr_par' dir='ltr' id='par_1_37' title="bbox 2403 897 3675 972">
     <span class='ocr_line' id='line_1_37' title="bbox 2403 897 3675 972; baseline 0.002 -21"><span class='ocrx_word' id='word_1_233' title='bbox 2403 897 2457 951; x_wconf 91' lang='lat' dir='ltr'><strong>Si</strong></span> <span class='ocrx_word' id='word_1_234' title='bbox 2484 899 2696 968; x_wconf 84' lang='lat' dir='ltr'><strong>poterit</strong></span> <span class='ocrx_word' id='word_1_235' title='bbox 2726 916 2922 953; x_wconf 86' lang='lat' dir='ltr'><strong>nunus</strong></span> <span class='ocrx_word' id='word_1_236' title='bbox 2945 902 3254 972; x_wconf 86' lang='lat' dir='ltr'><strong>quoddam</strong></span> <span class='ocrx_word' id='word_1_237' title='bbox 3284 907 3535 972; x_wconf 82' lang='lat' dir='ltr'><strong>captare</strong></span> <span class='ocrx_word' id='word_1_238' title='bbox 3563 901 3675 955; x_wconf 72' lang='lat' dir='ltr'><strong>bon</strong></span> 
     </span>
    </p>
   </div>
   <div class='ocr_carea' id='block_1_38' title="bbox 2402 986 3663 1053">
    <p class='ocr_par' dir='ltr' id='par_1_38' title="bbox 2402 986 3663 1053">
     <span class='ocr_line' id='line_1_38' title="bbox 2402 986 3663 1053; baseline 0.003 -16"><span class='ocrx_word' id='word_1_239' title='bbox 2402 986 2637 1053; x_wconf 70' lang='lat' dir='ltr'><strong>Exiguae</strong></span> <span class='ocrx_word' id='word_1_240' title='bbox 2661 988 2896 1042; x_wconf 76' lang='lat' dir='ltr'><strong>modico</strong></span> <span class='ocrx_word' id='word_1_241' title='bbox 2928 989 3141 1042; x_wconf 81' lang='lat' dir='ltr'><strong>mercis</strong></span> <span class='ocrx_word' id='word_1_242' title='bbox 3171 988 3243 1042; x_wconf 85' lang='lat' dir='ltr'><strong>de</strong></span> <span class='ocrx_word' id='word_1_243' title='bbox 3278 990 3483 1042; x_wconf 84' lang='lat' dir='ltr'><strong>fenore</strong></span> <span class='ocrx_word' id='word_1_244' title='bbox 3517 1006 3663 1041; x_wconf 84' lang='lat' dir='ltr'><strong>sum</strong></span> 
     </span>
    </p>
   </div>
   <div class='ocr_carea' id='block_1_39' title="bbox 2472 1075 3676 1148">
    <p class='ocr_par' dir='ltr' id='par_1_39' title="bbox 2472 1075 3676 1148">
     <span class='ocr_line' id='line_1_39' title="bbox 2472 1075 3676 1148; baseline 0.005 -23"><span class='ocrx_word' id='word_1_245' title='bbox 2472 1075 2518 1125; x_wconf 86' lang='lat' dir='ltr'><strong>A</strong></span> <span class='ocrx_word' id='word_1_246' title='bbox 2552 1076 2833 1145; x_wconf 61' lang='lat' dir='ltr'><strong>pestiferae</strong></span> <span class='ocrx_word' id='word_1_247' title='bbox 2862 1094 3123 1148; x_wconf 85' lang='lat' dir='ltr'><strong>namque</strong></span> <span class='ocrx_word' id='word_1_248' title='bbox 3154 1077 3496 1131; x_wconf 78' lang='lat' dir='ltr'><strong>hostilitatis</strong></span> <span class='ocrx_word' id='word_1_249' title='bbox 3528 1094 3676 1131; x_wconf 68' lang='lat' dir='ltr'><strong>vent</strong></span> 
     </span>
    </p>
   </div>
   <div class='ocr_carea' id='block_1_40' title="bbox 2401 1164 3676 1229">
    <p class='ocr_par' dir='ltr' id='par_1_40' title="bbox 2401 1164 3676 1229">
     <span class='ocr_line' id='line_1_40' title="bbox 2401 1164 3676 1229; baseline 0.004 -15"><span class='ocrx_word' id='word_1_250' title='bbox 2401 1165 2464 1215; x_wconf 92' lang='lat' dir='ltr'><strong>ut</strong></span> <span class='ocrx_word' id='word_1_251' title='bbox 2494 1164 2846 1219; x_wconf 80' lang='lat' dir='ltr'><strong>recensitum</strong></span> <span class='ocrx_word' id='word_1_252' title='bbox 2878 1171 2981 1229; x_wconf 81' lang='lat' dir='ltr'><strong>est,</strong></span> <span class='ocrx_word' id='word_1_253' title='bbox 3015 1164 3319 1227; x_wconf 66' lang='lat' dir='ltr'><strong>defaecata,</strong></span> <span class='ocrx_word' id='word_1_254' title='bbox 3341 1164 3676 1219; x_wconf 68' lang='lat' dir='ltr'><strong>abdicatist</strong></span> 
     </span>
    </p>
   </div>
   <div class='ocr_carea' id='block_1_41' title="bbox 2403 1249 3676 1323">
    <p class='ocr_par' dir='ltr' id='par_1_41' title="bbox 2403 1249 3676 1323">
     <span class='ocr_line' id='line_1_41' title="bbox 2403 1249 3676 1323; baseline 0.002 -20"><span class='ocrx_word' id='word_1_255' title='bbox 2403 1249 2547 1303; x_wconf 91' lang='lat' dir='ltr'><strong>tium</strong></span> <span class='ocrx_word' id='word_1_256' title='bbox 2576 1252 2873 1307; x_wconf 89' lang='lat' dir='ltr'><strong>malorum</strong></span> <span class='ocrx_word' id='word_1_257' title='bbox 2905 1253 3295 1323; x_wconf 82' lang='lat' dir='ltr'><strong>querimoniis</strong></span> <span class='ocrx_word' id='word_1_258' title='bbox 3327 1258 3384 1306; x_wconf 91' lang='lat' dir='ltr'><strong>et</strong></span> <span class='ocrx_word' id='word_1_259' title='bbox 3424 1252 3676 1308; x_wconf 74' lang='lat' dir='ltr'><strong>detrinn</strong></span> 
     </span>
    </p>
   </div>
   <div class='ocr_carea' id='block_1_42' title="bbox 2404 1338 3675 1411">
    <p class='ocr_par' dir='ltr' id='par_1_42' title="bbox 2404 1338 3675 1411">
     <span class='ocr_line' id='line_1_42' title="bbox 2404 1338 3675 1411; baseline 0.003 -20"><span class='ocrx_word' id='word_1_260' title='bbox 2404 1338 2690 1392; x_wconf 81' lang='lat' dir='ltr'><strong>adornuto</strong></span> <span class='ocrx_word' id='word_1_261' title='bbox 2721 1345 2776 1393; x_wconf 93' lang='lat' dir='ltr'><strong>et</strong></span> <span class='ocrx_word' id='word_1_262' title='bbox 2805 1345 3020 1394; x_wconf 82' lang='lat' dir='ltr'><strong>statuto</strong></span> <span class='ocrx_word' id='word_1_263' title='bbox 3038 1340 3376 1411; x_wconf 70' lang='lat' dir='ltr'><strong>reipubliete</strong></span> <span class='ocrx_word' id='word_1_264' title='bbox 3402 1340 3675 1395; x_wconf 36' lang='lat' dir='ltr'><strong>ubicumi</strong></span> 
     </span>
    </p>
   </div>
   <div class='ocr_carea' id='block_1_43' title="bbox 2402 1429 3676 1500">
    <p class='ocr_par' dir='ltr' id='par_1_43' title="bbox 2402 1429 3676 1500">
     <span class='ocr_line' id='line_1_43' title="bbox 2402 1429 3676 1500; baseline 0.004 -20"><span class='ocrx_word' id='word_1_265' title='bbox 2402 1429 2741 1491; x_wconf 85' lang='lat' dir='ltr'><strong>commodo,</strong></span> <span class='ocrx_word' id='word_1_266' title='bbox 2775 1437 3073 1500; x_wconf 68' lang='lat' dir='ltr'><strong>praeeunte</strong></span> <span class='ocrx_word' id='word_1_267' title='bbox 3106 1430 3408 1500; x_wconf 87' lang='lat' dir='ltr'><strong>triumpho</strong></span> <span class='ocrx_word' id='word_1_268' title='bbox 3468 1430 3676 1485; x_wconf 68' lang='lat' dir='ltr'><strong>desith</strong></span> 
     </span>
    </p>
   </div>
   <div class='ocr_carea' id='block_1_44' title="bbox 2402 1515 3671 1590">
    <p class='ocr_par' dir='ltr' id='par_1_44' title="bbox 2402 1515 3671 1590">
     <span class='ocr_line' id='line_1_44' title="bbox 2402 1515 3671 1590; baseline 0.002 -21"><span class='ocrx_word' id='word_1_269' title='bbox 2402 1515 2563 1570; x_wconf 88' lang='lat' dir='ltr'><strong>fama</strong></span> <span class='ocrx_word' id='word_1_270' title='bbox 2587 1517 2909 1572; x_wconf 85' lang='lat' dir='ltr'><strong>beatissimi</strong></span> <span class='ocrx_word' id='word_1_271' title='bbox 2941 1518 3109 1572; x_wconf 86' lang='lat' dir='ltr'><strong>ducis</strong></span> <span class='ocrx_word' id='word_1_272' title='bbox 3142 1516 3414 1572; x_wconf 74' lang='lat' dir='ltr'><strong>ltichardi</strong></span> <span class='ocrx_word' id='word_1_273' title='bbox 3442 1519 3671 1590; x_wconf 90' lang='lat' dir='ltr'><strong>propal</strong></span> 
     </span>
    </p>
   </div>
   <div class='ocr_carea' id='block_1_45' title="bbox 2402 1604 3676 1669">
    <p class='ocr_par' dir='ltr' id='par_1_45' title="bbox 2402 1604 3676 1669">
     <span class='ocr_line' id='line_1_45' title="bbox 2402 1604 3676 1669; baseline 0.001 -11"><span class='ocrx_word' id='word_1_274' title='bbox 2402 1609 2463 1658; x_wconf 88' lang='lat' dir='ltr'><strong>ta</strong></span> <span class='ocrx_word' id='word_1_275' title='bbox 2492 1604 2734 1669; x_wconf 86' lang='lat' dir='ltr'><strong>meritis,</strong></span> <span class='ocrx_word' id='word_1_276' title='bbox 2767 1604 2827 1659; x_wconf 93' lang='lat' dir='ltr'><strong>in</strong></span> <span class='ocrx_word' id='word_1_277' title='bbox 2857 1605 3224 1660; x_wconf 84' lang='lat' dir='ltr'><strong>immensum</strong></span> <span class='ocrx_word' id='word_1_278' title='bbox 3280 1605 3539 1661; x_wconf 89' lang='lat' dir='ltr'><strong>rutilans</strong></span> <span class='ocrx_word' id='word_1_279' title='bbox 3600 1622 3676 1660; x_wconf 56' lang='lat' dir='ltr'><strong>cr.</strong></span> 
     </span>
    </p>
   </div>
   <div class='ocr_carea' id='block_1_46' title="bbox 2406 1692 3676 1763">
    <p class='ocr_par' dir='ltr' id='par_1_46' title="bbox 2406 1692 3676 1763">
     <span class='ocr_line' id='line_1_46' title="bbox 2406 1692 3676 1763; baseline 0.003 -19"><span class='ocrx_word' id='word_1_280' title='bbox 2406 1692 2879 1763; x_wconf 72' lang='lat' dir='ltr'><strong>vulgabaturque</strong></span> <span class='ocrx_word' id='word_1_281' title='bbox 2910 1710 3014 1763; x_wconf 89' lang='lat' dir='ltr'><strong>per</strong></span> <span class='ocrx_word' id='word_1_282' title='bbox 3045 1699 3257 1748; x_wconf 70' lang='lat' dir='ltr'><strong>caetera</strong></span> <span class='ocrx_word' id='word_1_283' title='bbox 3289 1709 3480 1762; x_wconf 87' lang='lat' dir='ltr'><strong>regna</strong></span> <span class='ocrx_word' id='word_1_284' title='bbox 3519 1695 3676 1748; x_wconf 89' lang='lat' dir='ltr'><strong>meri</strong></span> 
     </span>
    </p>
   </div>
   <div class='ocr_carea' id='block_1_47' title="bbox 2404 1781 3675 1854">
    <p class='ocr_par' dir='ltr' id='par_1_47' title="bbox 2404 1781 3675 1854">
     <span class='ocr_line' id='line_1_47' title="bbox 2404 1781 3675 1854; baseline 0.004 -21"><span class='ocrx_word' id='word_1_285' title='bbox 2404 1781 2523 1835; x_wconf 80' lang='lat' dir='ltr'><strong>sius</strong></span> <span class='ocrx_word' id='word_1_286' title='bbox 2556 1781 2935 1836; x_wconf 87' lang='lat' dir='ltr'><strong>beatitudinis</strong></span> <span class='ocrx_word' id='word_1_287' title='bbox 2966 1783 3112 1852; x_wconf 87' lang='lat' dir='ltr'><strong>ejus.</strong></span> <span class='ocrx_word' id='word_1_288' title='bbox 3146 1783 3305 1837; x_wconf 83' lang='lat' dir='ltr'><strong>Illius</strong></span> <span class='ocrx_word' id='word_1_289' title='bbox 3336 1799 3482 1837; x_wconf 87' lang='lat' dir='ltr'><strong>vero</strong></span> <span class='ocrx_word' id='word_1_290' title='bbox 3517 1787 3675 1854; x_wconf 72' lang='lat' dir='ltr'><strong>tem}:</strong></span> 
     </span>
    </p>
   </div>
   <div class='ocr_carea' id='block_1_48' title="bbox 2406 1870 3676 1940">
    <p class='ocr_par' dir='ltr' id='par_1_48' title="bbox 2406 1870 3676 1940">
     <span class='ocr_line' id='line_1_48' title="bbox 2406 1870 3676 1940; baseline 0.002 -18"><span class='ocrx_word' id='word_1_291' title='bbox 2406 1886 2553 1922; x_wconf 85' lang='lat' dir='ltr'><strong>uxor</strong></span> <span class='ocrx_word' id='word_1_292' title='bbox 2578 1870 2627 1939; x_wconf 89' lang='lat' dir='ltr'><strong>ej</strong></span> <span class='ocrx_word' id='word_1_293' title='bbox 2641 1886 2705 1923; x_wconf 92' lang='lat' dir='ltr'><strong>us</strong></span> <span class='ocrx_word' id='word_1_294' title='bbox 2736 1870 2854 1925; x_wconf 84' lang='lat' dir='ltr'><strong>tilia</strong></span> <span class='ocrx_word' id='word_1_295' title='bbox 2886 1871 3101 1925; x_wconf 82' lang='lat' dir='ltr'><strong>scilicet</strong></span> <span class='ocrx_word' id='word_1_296' title='bbox 3126 1871 3393 1939; x_wconf 86' lang='lat' dir='ltr'><strong>Hugonis</strong></span> <span class='ocrx_word' id='word_1_297' title='bbox 3415 1872 3631 1940; x_wconf 87' lang='lat' dir='ltr'><strong>magni</strong></span> <span class='ocrx_word' id='word_1_298' title='bbox 3664 1891 3676 1924; x_wconf 66' lang='grc' dir='ltr'><strong><em>ε</em></strong></span> 
     </span>
    </p>
   </div>
   <div class='ocr_carea' id='block_1_49' title="bbox 2404 1958 3631 2028">
    <p class='ocr_par' dir='ltr' id='par_1_49' title="bbox 2404 1958 3631 2028">
     <span class='ocr_line' id='line_1_49' title="bbox 2404 1958 3631 2028; baseline 0.002 -17"><span class='ocrx_word' id='word_1_299' title='bbox 2404 1958 2577 2026; x_wconf 87' lang='lat' dir='ltr'><strong>gitur,</strong></span> <span class='ocrx_word' id='word_1_300' title='bbox 2600 1962 2657 2013; x_wconf 91' lang='lat' dir='ltr'><strong>et</strong></span> <span class='ocrx_word' id='word_1_301' title='bbox 2706 1960 2885 2028; x_wconf 89' lang='lat' dir='ltr'><strong>hujus</strong></span> <span class='ocrx_word' id='word_1_302' title='bbox 2932 1960 3315 2014; x_wconf 81' lang='lat' dir='ltr'><strong>desolationis</strong></span> <span class='ocrx_word' id='word_1_303' title='bbox 3368 1966 3631 2015; x_wconf 77' lang='lat' dir='ltr'><strong>moestus</strong></span> 
     </span>
    </p>
   </div>
   <div class='ocr_carea' id='block_1_50' title="bbox 2404 2046 3676 2115">
    <p class='ocr_par' dir='ltr' id='par_1_50' title="bbox 2404 2046 3676 2115">
     <span class='ocr_line' id='line_1_50' title="bbox 2404 2046 3676 2115; baseline 0.002 -16"><span class='ocrx_word' id='word_1_304' title='bbox 2404 2046 2563 2101; x_wconf 90' lang='lat' dir='ltr'><strong>misit</strong></span> <span class='ocrx_word' id='word_1_305' title='bbox 2593 2047 2669 2101; x_wconf 91' lang='lat' dir='ltr'><strong>ad</strong></span> <span class='ocrx_word' id='word_1_306' title='bbox 2694 2047 3006 2115; x_wconf 84' lang='lat' dir='ltr'><strong>Hugonem</strong></span> <span class='ocrx_word' id='word_1_307' title='bbox 3038 2049 3276 2103; x_wconf 81' lang='lat' dir='ltr'><strong>fratrem</strong></span> <span class='ocrx_word' id='word_1_308' title='bbox 3304 2048 3609 2103; x_wconf 68' lang='lat' dir='ltr'><strong>defunctae</strong></span> <span class='ocrx_word' id='word_1_309' title='bbox 3662 2065 3676 2101; x_wconf 80' lang='grc' dir='ltr'>ι</span> 
     </span>
    </p>
   </div>
   <div class='ocr_carea' id='block_1_51' title="bbox 2405 2135 3676 2205">
    <p class='ocr_par' dir='ltr' id='par_1_51' title="bbox 2405 2135 3676 2205">
     <span class='ocr_line' id='line_1_51' title="bbox 2405 2135 3676 2205; baseline 0.001 -17"><span class='ocrx_word' id='word_1_310' title='bbox 2405 2138 2468 2189; x_wconf 91' lang='lat' dir='ltr'><strong>ut</strong></span> <span class='ocrx_word' id='word_1_311' title='bbox 2495 2135 2796 2205; x_wconf 83' lang='lat' dir='ltr'><strong>quosdam</strong></span> <span class='ocrx_word' id='word_1_312' title='bbox 2828 2136 3104 2189; x_wconf 90' lang='lat' dir='ltr'><strong>vernulas</strong></span> <span class='ocrx_word' id='word_1_313' title='bbox 3161 2136 3381 2191; x_wconf 91' lang='lat' dir='ltr'><strong>domus</strong></span> <span class='ocrx_word' id='word_1_314' title='bbox 3436 2153 3565 2191; x_wconf 58' lang='lat' dir='ltr'><strong>suae</strong></span> <span class='ocrx_word' id='word_1_315' title='bbox 3620 2153 3676 2189; x_wconf 89' lang='lat' dir='ltr'><strong>m</strong></span> 
     </span>
    </p>
   </div>
   <div class='ocr_carea' id='block_1_52' title="bbox 2404 2223 3676 2295">
    <p class='ocr_par' dir='ltr' id='par_1_52' title="bbox 2404 2223 3676 2295">
     <span class='ocr_line' id='line_1_52' title="bbox 2404 2223 3676 2295; baseline 0.002 -20"><span class='ocrx_word' id='word_1_316' title='bbox 2404 2223 2529 2293; x_wconf 91' lang='lat' dir='ltr'><strong>qui,</strong></span> <span class='ocrx_word' id='word_1_317' title='bbox 2560 2239 2692 2294; x_wconf 76' lang='lat' dir='ltr'><strong>quae</strong></span> <span class='ocrx_word' id='word_1_318' title='bbox 2724 2224 3077 2295; x_wconf 89' lang='lat' dir='ltr'><strong>possederat</strong></span> <span class='ocrx_word' id='word_1_319' title='bbox 3104 2241 3272 2280; x_wconf 87' lang='lat' dir='ltr'><strong>soror</strong></span> <span class='ocrx_word' id='word_1_320' title='bbox 3298 2241 3412 2280; x_wconf 87' lang='lat' dir='ltr'><strong>sua</strong></span> <span class='ocrx_word' id='word_1_321' title='bbox 3433 2225 3570 2295; x_wconf 80' lang='lat' dir='ltr'><strong>jure</strong></span> <span class='ocrx_word' id='word_1_322' title='bbox 3600 2225 3676 2279; x_wconf 85' lang='lat' dir='ltr'><strong>fei</strong></span> 
     </span>
    </p>
   </div>
   <div class='ocr_carea' id='block_1_53' title="bbox 2404 2313 3676 2384">
    <p class='ocr_par' dir='ltr' id='par_1_53' title="bbox 2404 2313 3676 2384">
     <span class='ocr_line' id='line_1_53' title="bbox 2404 2313 3676 2384; baseline 0.002 -19"><span class='ocrx_word' id='word_1_323' title='bbox 2404 2316 2612 2380; x_wconf 86' lang='lat' dir='ltr'><strong>garent</strong></span> <span class='ocrx_word' id='word_1_324' title='bbox 2634 2317 3027 2366; x_wconf 62' lang='lat' dir='ltr'><strong>sacrosanctae</strong></span> <span class='ocrx_word' id='word_1_325' title='bbox 3060 2313 3331 2367; x_wconf 63' lang='lat' dir='ltr'><strong>Ecclesiae</strong></span> <span class='ocrx_word' id='word_1_326' title='bbox 3360 2317 3417 2368; x_wconf 85' lang='lat' dir='ltr'><strong>et</strong></span> <span class='ocrx_word' id='word_1_327' title='bbox 3447 2328 3676 2384; x_wconf 69' lang='lat' dir='ltr'><strong>pauper</strong></span> 
     </span>
    </p>
   </div>
   <div class='ocr_carea' id='block_1_54' title="bbox 2404 2400 3676 2456">
    <p class='ocr_par' dir='ltr' id='par_1_54' title="bbox 2404 2400 3676 2456">
     <span class='ocr_line' id='line_1_54' title="bbox 2404 2400 3676 2456; baseline 0.002 -3"><span class='ocrx_word' id='word_1_328' title='bbox 2404 2416 2541 2454; x_wconf 90' lang='lat' dir='ltr'><strong>vero</strong></span> <span class='ocrx_word' id='word_1_329' title='bbox 2562 2400 2685 2455; x_wconf 82' lang='lat' dir='ltr'><strong>dux</strong></span> <span class='ocrx_word' id='word_1_330' title='bbox 2712 2401 2935 2455; x_wconf 90' lang='lat' dir='ltr'><strong>remisit</strong></span> <span class='ocrx_word' id='word_1_331' title='bbox 2965 2400 3041 2455; x_wconf 88' lang='lat' dir='ltr'><strong>ad</strong></span> <span class='ocrx_word' id='word_1_332' title='bbox 3091 2402 3456 2456; x_wconf 80' lang='lat' dir='ltr'><strong>Richardum</strong></span> <span class='ocrx_word' id='word_1_333' title='bbox 3504 2401 3676 2455; x_wconf 77' lang='lat' dir='ltr'><strong>ducei</strong></span> 
     </span>
    </p>
   </div>
   <div class='ocr_carea' id='block_1_55' title="bbox 2404 2488 3676 2562">
    <p class='ocr_par' dir='ltr' id='par_1_55' title="bbox 2404 2488 3676 2562">
     <span class='ocr_line' id='line_1_55' title="bbox 2404 2488 3676 2562; baseline 0.002 -19"><span class='ocrx_word' id='word_1_334' title='bbox 2404 2488 2582 2555; x_wconf 88' lang='lat' dir='ltr'><strong>cium,</strong></span> <span class='ocrx_word' id='word_1_335' title='bbox 2616 2494 2681 2544; x_wconf 89' lang='lat' dir='ltr'><strong>ut</strong></span> <span class='ocrx_word' id='word_1_336' title='bbox 2705 2490 2998 2561; x_wconf 90' lang='lat' dir='ltr'><strong>quidquid</strong></span> <span class='ocrx_word' id='word_1_337' title='bbox 3031 2490 3440 2562; x_wconf 86' lang='lat' dir='ltr'><strong>suppeditaret</strong></span> <span class='ocrx_word' id='word_1_338' title='bbox 3478 2490 3593 2545; x_wconf 81' lang='lat' dir='ltr'><strong>sibi</strong></span> <span class='ocrx_word' id='word_1_339' title='bbox 3654 2508 3676 2546; x_wconf 61' lang='grc' dir='ltr'><strong>ς</strong></span> 
     </span>
    </p>
   </div>
   <div class='ocr_carea' id='block_1_56' title="bbox 2403 2578 3676 2633">
    <p class='ocr_par' dir='ltr' id='par_1_56' title="bbox 2403 2578 3676 2633">
     <span class='ocr_line' id='line_1_56' title="bbox 2403 2578 3676 2633; baseline 0.002 -2"><span class='ocrx_word' id='word_1_340' title='bbox 2403 2582 2559 2632; x_wconf 88' lang='lat' dir='ltr'><strong>ceret</strong></span> <span class='ocrx_word' id='word_1_341' title='bbox 2586 2578 2766 2632; x_wconf 87' lang='lat' dir='ltr'><strong>libere</strong></span> <span class='ocrx_word' id='word_1_342' title='bbox 2788 2594 2861 2632; x_wconf 84' lang='lat' dir='ltr'><strong>ex</strong></span> <span class='ocrx_word' id='word_1_343' title='bbox 2881 2578 3181 2633; x_wconf 89' lang='lat' dir='ltr'><strong>omnibus.</strong></span> <span class='ocrx_word' id='word_1_344' title='bbox 3207 2582 3367 2633; x_wconf 85' lang='lat' dir='ltr'><strong>Tunc</strong></span> <span class='ocrx_word' id='word_1_345' title='bbox 3398 2578 3676 2633; x_wconf 70' lang='lat' dir='ltr'><strong>Richard:</strong></span> 
     </span>
    </p>
   </div>
   <div class='ocr_carea' id='block_1_57' title="bbox 2403 2664 3676 2737">
    <p class='ocr_par' dir='ltr' id='par_1_57' title="bbox 2403 2664 3676 2737">
     <span class='ocr_line' id='line_1_57' title="bbox 2403 2664 3676 2737; baseline 0.003 -19"><span class='ocrx_word' id='word_1_346' title='bbox 2403 2664 2691 2734; x_wconf 85' lang='lat' dir='ltr'><strong>largitatis</strong></span> <span class='ocrx_word' id='word_1_347' title='bbox 2722 2666 2845 2720; x_wconf 79' lang='lat' dir='ltr'><strong>dux</strong></span> <span class='ocrx_word' id='word_1_348' title='bbox 2869 2667 3621 2737; x_wconf 49' lang='lat' dir='ltr'><strong>prtepotentissimusﬂanti</strong></span> <span class='ocrx_word' id='word_1_349' title='bbox 3648 2668 3676 2722; x_wconf 63' lang='grc' dir='ltr'>ζ</span> 
     </span>
    </p>
   </div>
   <div class='ocr_carea' id='block_1_58' title="bbox 2402 2756 3676 2826">
    <p class='ocr_par' dir='ltr' id='par_1_58' title="bbox 2402 2756 3676 2826">
     <span class='ocr_line' id='line_1_58' title="bbox 2402 2756 3676 2826; baseline 0.002 -18"><span class='ocrx_word' id='word_1_350' title='bbox 2402 2769 2547 2809; x_wconf 87' lang='lat' dir='ltr'><strong>nera</strong></span> <span class='ocrx_word' id='word_1_351' title='bbox 2576 2769 2680 2826; x_wconf 90' lang='lat' dir='ltr'><strong>per</strong></span> <span class='ocrx_word' id='word_1_352' title='bbox 2707 2756 3013 2809; x_wconf 84' lang='lat' dir='ltr'><strong>universas</strong></span> <span class='ocrx_word' id='word_1_353' title='bbox 3040 2756 3218 2810; x_wconf 88' lang='lat' dir='ltr'><strong>totius</strong></span> <span class='ocrx_word' id='word_1_354' title='bbox 3251 2756 3506 2811; x_wconf 72' lang='lat' dir='ltr'><strong>Franciaa</strong></span> <span class='ocrx_word' id='word_1_355' title='bbox 3528 2762 3585 2810; x_wconf 89' lang='lat' dir='ltr'><strong>et</strong></span> <span class='ocrx_word' id='word_1_356' title='bbox 3612 2760 3676 2811; x_wconf 82' lang='grc' dir='ltr'><strong>Ν(</strong></span> 
     </span>
    </p>
   </div>
   <div class='ocr_carea' id='block_1_59' title="bbox 2403 2842 3676 2916">
    <p class='ocr_par' dir='ltr' id='par_1_59' title="bbox 2403 2842 3676 2916">
     <span class='ocr_line' id='line_1_59' title="bbox 2403 2842 3676 2916; baseline 0.001 -19"><span class='ocrx_word' id='word_1_357' title='bbox 2403 2842 2681 2898; x_wconf 90' lang='lat' dir='ltr'><strong>ecclesias</strong></span> <span class='ocrx_word' id='word_1_358' title='bbox 2719 2844 3046 2913; x_wconf 78' lang='lat' dir='ltr'><strong>dispertivit</strong></span> <span class='ocrx_word' id='word_1_359' title='bbox 3079 2859 3092 2897; x_wconf 89' lang='lat'><strong>:</strong></span> <span class='ocrx_word' id='word_1_360' title='bbox 3141 2844 3472 2915; x_wconf 85' lang='lat' dir='ltr'><strong>quinetiam</strong></span> <span class='ocrx_word' id='word_1_361' title='bbox 3501 2844 3676 2916; x_wconf 87' lang='lat' dir='ltr'><strong>plurii</strong></span> 
     </span>
    </p>
   </div>
   <div class='ocr_carea' id='block_1_60' title="bbox 2397 2933 3675 3004">
    <p class='ocr_par' dir='ltr' id='par_1_60' title="bbox 2397 2933 3675 3004">
     <span class='ocr_line' id='line_1_60' title="bbox 2397 2933 3675 3004; baseline 0.002 -18"><span class='ocrx_word' id='word_1_362' title='bbox 2397 2933 2548 3002; x_wconf 87' lang='lat' dir='ltr'><strong>juris</strong></span> <span class='ocrx_word' id='word_1_363' title='bbox 2580 2937 2768 2997; x_wconf 87' lang='lat' dir='ltr'><strong>erant,</strong></span> <span class='ocrx_word' id='word_1_364' title='bbox 2814 2947 2922 3004; x_wconf 89' lang='lat' dir='ltr'><strong>pro</strong></span> <span class='ocrx_word' id='word_1_365' title='bbox 2976 2933 3104 3002; x_wconf 82' lang='lat' dir='ltr'><strong>ejus</strong></span> <span class='ocrx_word' id='word_1_366' title='bbox 3160 2933 3366 2988; x_wconf 88' lang='lat' dir='ltr'><strong>anima</strong></span> <span class='ocrx_word' id='word_1_367' title='bbox 3420 2934 3675 3001; x_wconf 68' lang='lat' dir='ltr'><strong>erogavit</strong></span> 
     </span>
    </p>
   </div>
   <div class='ocr_carea' id='block_1_61' title="bbox 652 3020 3597 3105">
    <p class='ocr_par' dir='ltr' id='par_1_61' title="bbox 652 3020 3597 3105">
     <span class='ocr_line' id='line_1_61' title="bbox 652 3020 3597 3105; baseline -0 -14"><span class='ocrx_word' id='word_1_368' title='bbox 652 3034 911 3091; x_wconf 89' lang='lat' dir='ltr'><strong>conduci</strong></span> <span class='ocrx_word' id='word_1_369' title='bbox 958 3034 1093 3089; x_wconf 86' lang='lat' dir='ltr'><strong>fecit</strong></span> <span class='ocrx_word' id='word_1_370' title='bbox 1142 3033 1221 3089; x_wconf 92' lang='lat' dir='ltr'><strong>ad</strong></span> <span class='ocrx_word' id='word_1_371' title='bbox 1278 3032 1645 3104; x_wconf 88' lang='lat' dir='ltr'><strong>Hispaniam,</strong></span> <span class='ocrx_word' id='word_1_372' title='bbox 1702 3032 2294 3089; x_wconf 76' lang='lat' dir='ltr'><strong>Constantinensibus</strong></span> <span class='ocrx_word' id='word_1_373' title='bbox 2326 3048 2365 3105; x_wconf 74' lang='grc' dir='ltr'><em>ε</em></span> <span class='ocrx_word' id='word_1_374' title='bbox 2402 3020 2783 3091; x_wconf 62' lang='lat' dir='ltr'><strong>Pauperibus-</strong></span> <span class='ocrx_word' id='word_1_375' title='bbox 2858 3021 3121 3092; x_wconf 69' lang='lat' dir='ltr'><strong>Denique</strong></span> <span class='ocrx_word' id='word_1_376' title='bbox 3191 3021 3597 3092; x_wconf 68' lang='grc' dir='ltr'><strong>διώδεθιῙΡθῐηί</strong></span> 
     </span>
    </p>
   </div>
   <div class='ocr_carea' id='block_1_62' title="bbox 648 3120 2294 3193">
    <p class='ocr_par' dir='ltr' id='par_1_62' title="bbox 648 3120 2294 3193">
     <span class='ocr_line' id='line_1_62' title="bbox 648 3120 2294 3193; baseline -0.003 -14"><span class='ocrx_word' id='word_1_377' title='bbox 648 3122 993 3179; x_wconf 86' lang='lat' dir='ltr'><strong>viatoribus.</strong></span> <span class='ocrx_word' id='word_1_378' title='bbox 1030 3125 1092 3176; x_wconf 84' lang='lat' dir='ltr'><strong>In</strong></span> <span class='ocrx_word' id='word_1_379' title='bbox 1121 3121 1535 3193; x_wconf 88' lang='lat' dir='ltr'><strong>progressione</strong></span> <span class='ocrx_word' id='word_1_380' title='bbox 1588 3136 1849 3193; x_wconf 83' lang='lat' dir='ltr'><strong>namque</strong></span> <span class='ocrx_word' id='word_1_381' title='bbox 1899 3120 2055 3176; x_wconf 86' lang='lat' dir='ltr'><strong>illius</strong></span> <span class='ocrx_word' id='word_1_382' title='bbox 2106 3120 2294 3193; x_wconf 85' lang='lat' dir='ltr'><strong>profe-</strong></span> 
     </span>
    </p>
   </div>
   <div class='ocr_carea' id='block_1_63' title="bbox 651 3210 2293 3281">
    <p class='ocr_par' dir='ltr' id='par_1_63' title="bbox 651 3210 2293 3281">
     <span class='ocr_line' id='line_1_63' title="bbox 651 3210 2293 3281; baseline -0.004 -11"><span class='ocrx_word' id='word_1_383' title='bbox 651 3211 861 3271; x_wconf 86' lang='lat' dir='ltr'><strong>ctionis</strong></span> <span class='ocrx_word' id='word_1_384' title='bbox 890 3211 983 3266; x_wconf 90' lang='lat' dir='ltr'><strong>bis</strong></span> <span class='ocrx_word' id='word_1_385' title='bbox 1011 3226 1229 3265; x_wconf 86' lang='lat' dir='ltr'><strong>novem</strong></span> <span class='ocrx_word' id='word_1_386' title='bbox 1260 3210 1519 3264; x_wconf 86' lang='lat' dir='ltr'><strong>civitates</strong></span> <span class='ocrx_word' id='word_1_387' title='bbox 1549 3210 1906 3277; x_wconf 85' lang='lat' dir='ltr'><strong>devicerunt,</strong></span> <span class='ocrx_word' id='word_1_388' title='bbox 1963 3214 2019 3265; x_wconf 88' lang='lat' dir='ltr'><strong>et</strong></span> <span class='ocrx_word' id='word_1_389' title='bbox 2068 3226 2203 3281; x_wconf 82' lang='lat' dir='ltr'><strong>quae</strong></span> <span class='ocrx_word' id='word_1_390' title='bbox 2234 3210 2293 3263; x_wconf 90' lang='lat' dir='ltr'><strong>in</strong></span> 
     </span>
    </p>
   </div>
   <div class='ocr_carea' id='block_1_64' title="bbox 652 3296 2295 3371">
    <p class='ocr_par' dir='ltr' id='par_1_64' title="bbox 652 3296 2295 3371">
     <span class='ocr_line' id='line_1_64' title="bbox 652 3296 2295 3371; baseline -0.002 -17"><span class='ocrx_word' id='word_1_391' title='bbox 652 3299 736 3355; x_wconf 90' lang='lat' dir='ltr'><strong>eis</strong></span> <span class='ocrx_word' id='word_1_392' title='bbox 763 3303 1109 3371; x_wconf 89' lang='lat' dir='ltr'><strong>repererunt</strong></span> <span class='ocrx_word' id='word_1_393' title='bbox 1140 3297 1248 3351; x_wconf 89' lang='lat' dir='ltr'><strong>sibi</strong></span> <span class='ocrx_word' id='word_1_394' title='bbox 1279 3296 1669 3353; x_wconf 82' lang='lat' dir='ltr'><strong>vindicarunt.</strong></span> <span class='ocrx_word' id='word_1_395' title='bbox 1699 3298 1819 3352; x_wconf 87' lang='lat' dir='ltr'><strong>Hac</strong></span> <span class='ocrx_word' id='word_1_396' title='bbox 1848 3297 2101 3368; x_wconf 89' lang='lat' dir='ltr'><strong>illacque</strong></span> <span class='ocrx_word' id='word_1_397' title='bbox 2142 3297 2295 3367; x_wconf 89' lang='lat' dir='ltr'><strong>rapi-</strong></span> 
     </span>
    </p>
   </div>
   <div class='ocr_carea' id='block_1_65' title="bbox 650 3384 2291 3459">
    <p class='ocr_par' dir='ltr' id='par_1_65' title="bbox 650 3384 2291 3459">
     <span class='ocr_line' id='line_1_65' title="bbox 650 3384 2291 3459; baseline -0.002 -16"><span class='ocrx_word' id='word_1_398' title='bbox 650 3389 881 3457; x_wconf 88' lang='lat' dir='ltr'><strong>nantes,</strong></span> <span class='ocrx_word' id='word_1_399' title='bbox 910 3386 1257 3459; x_wconf 90' lang='lat' dir='ltr'><strong>Hispaniam</strong></span> <span class='ocrx_word' id='word_1_400' title='bbox 1287 3385 1572 3440; x_wconf 87' lang='lat' dir='ltr'><strong>hostiliter</strong></span> <span class='ocrx_word' id='word_1_401' title='bbox 1616 3384 2051 3454; x_wconf 88' lang='lat' dir='ltr'><strong>adgredientes,</strong></span> <span class='ocrx_word' id='word_1_402' title='bbox 2101 3401 2291 3456; x_wconf 80' lang='lat' dir='ltr'><strong>coepe-</strong></span> 
     </span>
    </p>
   </div>
   <div class='ocr_carea' id='block_1_66' title="bbox 649 3474 2287 3546">
    <p class='ocr_par' dir='ltr' id='par_1_66' title="bbox 649 3474 2287 3546">
     <span class='ocr_line' id='line_1_66' title="bbox 649 3474 2287 3546; baseline -0.002 -15"><span class='ocrx_word' id='word_1_403' title='bbox 649 3480 785 3532; x_wconf 90' lang='lat' dir='ltr'><strong>runt</strong></span> <span class='ocrx_word' id='word_1_404' title='bbox 811 3476 1086 3532; x_wconf 89' lang='lat' dir='ltr'><strong>incendio</strong></span> <span class='ocrx_word' id='word_1_405' title='bbox 1116 3479 1172 3530; x_wconf 90' lang='lat' dir='ltr'><strong>et</strong></span> <span class='ocrx_word' id='word_1_406' title='bbox 1222 3474 1445 3546; x_wconf 89' lang='lat' dir='ltr'><strong>rapinis</strong></span> <span class='ocrx_word' id='word_1_407' title='bbox 1504 3474 1763 3543; x_wconf 78' lang='lat' dir='ltr'><strong>afﬂigere</strong></span> <span class='ocrx_word' id='word_1_408' title='bbox 1816 3490 1950 3530; x_wconf 90' lang='lat' dir='ltr'><strong>eam</strong></span> <span class='ocrx_word' id='word_1_409' title='bbox 1994 3474 2287 3529; x_wconf 90' lang='lat' dir='ltr'><strong>severiter.</strong></span> 
     </span>
    </p>
   </div>
   <div class='ocr_carea' id='block_1_67' title="bbox 648 3561 2289 3636">
    <p class='ocr_par' dir='ltr' id='par_1_67' title="bbox 648 3561 2289 3636">
     <span class='ocr_line' id='line_1_67' title="bbox 648 3561 2289 3636; baseline -0.002 -15"><span class='ocrx_word' id='word_1_410' title='bbox 648 3565 909 3621; x_wconf 88' lang='lat' dir='ltr'><strong>Tandem</strong></span> <span class='ocrx_word' id='word_1_411' title='bbox 940 3581 1082 3619; x_wconf 90' lang='lat' dir='ltr'><strong>vero</strong></span> <span class='ocrx_word' id='word_1_412' title='bbox 1110 3563 1372 3636; x_wconf 89' lang='lat' dir='ltr'><strong>Hispani,</strong></span> <span class='ocrx_word' id='word_1_413' title='bbox 1401 3563 1718 3619; x_wconf 90' lang='lat' dir='ltr'><strong>rusticanis</strong></span> <span class='ocrx_word' id='word_1_414' title='bbox 1775 3563 2051 3631; x_wconf 80' lang='lat' dir='ltr'><strong>gentibus</strong></span> <span class='ocrx_word' id='word_1_415' title='bbox 2100 3561 2289 3632; x_wconf 87' lang='lat' dir='ltr'><strong>digla-</strong></span> 
     </span>
    </p>
   </div>
   <div class='ocr_carea' id='block_1_68' title="bbox 646 3652 2290 3723">
    <p class='ocr_par' dir='ltr' id='par_1_68' title="bbox 646 3652 2290 3723">
     <span class='ocr_line' id='line_1_68' title="bbox 646 3652 2290 3723; baseline -0.002 -13"><span class='ocrx_word' id='word_1_416' title='bbox 646 3654 843 3719; x_wconf 89' lang='lat' dir='ltr'><strong>diatis,</strong></span> <span class='ocrx_word' id='word_1_417' title='bbox 871 3653 1231 3723; x_wconf 86' lang='lat' dir='ltr'><strong>conglobato</strong></span> <span class='ocrx_word' id='word_1_418' title='bbox 1261 3652 1519 3707; x_wconf 78' lang='lat' dir='ltr'><strong>exercitu</strong></span> <span class='ocrx_word' id='word_1_419' title='bbox 1578 3652 2042 3720; x_wconf 86' lang='lat' dir='ltr'><strong>congrediuntur</strong></span> <span class='ocrx_word' id='word_1_420' title='bbox 2087 3653 2290 3707; x_wconf 71' lang='lat' dir='ltr'><strong>North-</strong></span> 
     </span>
    </p>
   </div>
   <div class='ocr_carea' id='block_1_69' title="bbox 644 3740 2292 3812">
    <p class='ocr_par' dir='ltr' id='par_1_69' title="bbox 644 3740 2292 3812">
     <span class='ocr_line' id='line_1_69' title="bbox 644 3740 2292 3812; baseline -0.003 -14"><span class='ocrx_word' id='word_1_421' title='bbox 644 3741 904 3798; x_wconf 85' lang='lat' dir='ltr'><strong>mannis.</strong></span> <span class='ocrx_word' id='word_1_422' title='bbox 950 3740 1229 3797; x_wconf 68' lang='lat' dir='ltr'><strong>Saeviente</strong></span> <span class='ocrx_word' id='word_1_423' title='bbox 1281 3756 1544 3811; x_wconf 89' lang='lat' dir='ltr'><strong>namque</strong></span> <span class='ocrx_word' id='word_1_424' title='bbox 1594 3740 1768 3797; x_wconf 83' lang='lat' dir='ltr'><strong>Marte</strong></span> <span class='ocrx_word' id='word_1_425' title='bbox 1811 3740 2051 3812; x_wconf 87' lang='lat' dir='ltr'><strong>Hispani</strong></span> <span class='ocrx_word' id='word_1_426' title='bbox 2081 3740 2292 3795; x_wconf 79' lang='lat' dir='ltr'><strong>exteris</strong></span> 
     </span>
    </p>
   </div>
   <div class='ocr_carea' id='block_1_70' title="bbox 644 3826 2292 3899">
    <p class='ocr_par' dir='ltr' id='par_1_70' title="bbox 644 3826 2292 3899">
     <span class='ocr_line' id='line_1_70' title="bbox 644 3826 2292 3899; baseline -0.002 -14"><span class='ocrx_word' id='word_1_427' title='bbox 644 3833 816 3899; x_wconf 85' lang='lat' dir='ltr'><strong>terga</strong></span> <span class='ocrx_word' id='word_1_428' title='bbox 842 3832 1084 3897; x_wconf 87' lang='lat' dir='ltr'><strong>vertere,</strong></span> <span class='ocrx_word' id='word_1_429' title='bbox 1115 3827 1268 3883; x_wconf 81' lang='lat' dir='ltr'><strong>facta</strong></span> <span class='ocrx_word' id='word_1_430' title='bbox 1292 3843 1642 3899; x_wconf 55' lang='lat' dir='ltr'><strong>pramagna</strong></span> <span class='ocrx_word' id='word_1_431' title='bbox 1661 3827 2079 3883; x_wconf 86' lang='lat' dir='ltr'><strong>internecione.</strong></span> <span class='ocrx_word' id='word_1_432' title='bbox 2104 3826 2292 3882; x_wconf 91' lang='lat' dir='ltr'><strong>Tertio</strong></span> 
     </span>
    </p>
   </div>
   <div class='ocr_carea' id='block_1_71' title="bbox 644 3915 2291 3988">
    <p class='ocr_par' dir='ltr' id='par_1_71' title="bbox 644 3915 2291 3988">
     <span class='ocr_line' id='line_1_71' title="bbox 644 3915 2291 3988; baseline -0.002 -16"><span class='ocrx_word' id='word_1_433' title='bbox 644 3931 912 3988; x_wconf 85' lang='lat' dir='ltr'><strong>namque</strong></span> <span class='ocrx_word' id='word_1_434' title='bbox 939 3916 1033 3971; x_wconf 86' lang='lat' dir='ltr'><strong>die</strong></span> <span class='ocrx_word' id='word_1_435' title='bbox 1063 3932 1344 3988; x_wconf 87' lang='lat' dir='ltr'><strong>campum</strong></span> <span class='ocrx_word' id='word_1_436' title='bbox 1374 3915 1556 3988; x_wconf 82' lang='lat' dir='ltr'><strong>praelii</strong></span> <span class='ocrx_word' id='word_1_437' title='bbox 1584 3915 1976 3972; x_wconf 76' lang='lat' dir='ltr'><strong>Northmanni</strong></span> <span class='ocrx_word' id='word_1_438' title='bbox 2028 3919 2291 3987; x_wconf 90' lang='lat' dir='ltr'><strong>repeten-</strong></span> 
     </span>
    </p>
   </div>
   <div class='ocr_carea' id='block_1_72' title="bbox 646 3999 2294 4072">
    <p class='ocr_par' dir='ltr' id='par_1_72' title="bbox 646 3999 2294 4072">
     <span class='ocr_line' id='line_1_72' title="bbox 646 3999 2294 4072; baseline -0.002 -18"><span class='ocrx_word' id='word_1_439' title='bbox 646 4003 758 4065; x_wconf 88' lang='lat' dir='ltr'><strong>tes,</strong></span> <span class='ocrx_word' id='word_1_440' title='bbox 779 4003 1163 4072; x_wconf 87' lang='lat' dir='ltr'><strong>mortuosque</strong></span> <span class='ocrx_word' id='word_1_441' title='bbox 1192 4004 1255 4055; x_wconf 91' lang='lat' dir='ltr'><strong>ut</strong></span> <span class='ocrx_word' id='word_1_442' title='bbox 1279 3999 1536 4055; x_wconf 88' lang='lat' dir='ltr'><strong>induviis</strong></span> <span class='ocrx_word' id='word_1_443' title='bbox 1568 4016 1671 4054; x_wconf 88' lang='lat' dir='ltr'><strong>eos</strong></span> <span class='ocrx_word' id='word_1_444' title='bbox 1726 3999 2028 4071; x_wconf 89' lang='lat' dir='ltr'><strong>privarent</strong></span> <span class='ocrx_word' id='word_1_445' title='bbox 2068 4001 2294 4052; x_wconf 90' lang='lat' dir='ltr'><strong>verten-</strong></span> 
     </span>
    </p>
   </div>
   <div class='ocr_carea' id='block_1_73' title="bbox 647 4086 2293 4162">
    <p class='ocr_par' dir='ltr' id='par_1_73' title="bbox 647 4086 2293 4162">
     <span class='ocr_line' id='line_1_73' title="bbox 647 4086 2293 4162; baseline -0.001 -18"><span class='ocrx_word' id='word_1_446' title='bbox 647 4093 753 4156; x_wconf 88' lang='lat' dir='ltr'><strong>tes,</strong></span> <span class='ocrx_word' id='word_1_447' title='bbox 785 4094 1128 4162; x_wconf 87' lang='lat' dir='ltr'><strong>repererunt</strong></span> <span class='ocrx_word' id='word_1_448' title='bbox 1141 4093 1339 4162; x_wconf 89' lang='lat' dir='ltr'><strong>partes</strong></span> <span class='ocrx_word' id='word_1_449' title='bbox 1361 4104 1683 4162; x_wconf 88' lang='lat' dir='ltr'><strong>corporum</strong></span> <span class='ocrx_word' id='word_1_450' title='bbox 1699 4086 2057 4158; x_wconf 87' lang='lat' dir='ltr'><strong>nigellorum</strong></span> <span class='ocrx_word' id='word_1_451' title='bbox 2084 4087 2293 4142; x_wconf 71' lang='lat' dir='ltr'><strong>Aithio-</strong></span> 
     </span>
    </p>
   </div>
   <div class='ocr_carea' id='block_1_74' title="bbox 644 4175 2289 4251">
    <p class='ocr_par' dir='ltr' id='par_1_74' title="bbox 644 4175 2289 4251">
     <span class='ocr_line' id='line_1_74' title="bbox 644 4175 2289 4251; baseline -0.002 -17"><span class='ocrx_word' id='word_1_452' title='bbox 644 4182 1097 4251; x_wconf 72' lang='lat' dir='ltr'><strong>pumqueterrze</strong></span> <span class='ocrx_word' id='word_1_453' title='bbox 1121 4178 1403 4234; x_wconf 88' lang='lat' dir='ltr'><strong>ﬁnitimas</strong></span> <span class='ocrx_word' id='word_1_454' title='bbox 1454 4182 1632 4249; x_wconf 90' lang='lat' dir='ltr'><strong>atque</strong></span> <span class='ocrx_word' id='word_1_455' title='bbox 1693 4175 2105 4232; x_wconf 90' lang='lat' dir='ltr'><strong>incumbentes</strong></span> <span class='ocrx_word' id='word_1_456' title='bbox 2159 4175 2289 4231; x_wconf 88' lang='lat' dir='ltr'><strong>nive</strong></span> 
     </span>
    </p>
   </div>
   <div class='ocr_carea' id='block_1_75' title="bbox 646 4262 2289 4339">
    <p class='ocr_par' dir='ltr' id='par_1_75' title="bbox 646 4262 2289 4339">
     <span class='ocr_line' id='line_1_75' title="bbox 646 4262 2289 4339; baseline -0.002 -16"><span class='ocrx_word' id='word_1_457' title='bbox 646 4265 1019 4323; x_wconf 89' lang='lat' dir='ltr'><strong>candidiores</strong></span> <span class='ocrx_word' id='word_1_458' title='bbox 1052 4286 1066 4334; x_wconf 90' lang='lat'><strong>;</strong></span> <span class='ocrx_word' id='word_1_459' title='bbox 1098 4267 1394 4339; x_wconf 89' lang='lat' dir='ltr'><strong>reliquum</strong></span> <span class='ocrx_word' id='word_1_460' title='bbox 1423 4282 1565 4321; x_wconf 91' lang='lat' dir='ltr'><strong>vero</strong></span> <span class='ocrx_word' id='word_1_461' title='bbox 1592 4280 1811 4336; x_wconf 89' lang='lat' dir='ltr'><strong>corpus</strong></span> <span class='ocrx_word' id='word_1_462' title='bbox 1848 4262 2165 4335; x_wconf 90' lang='lat' dir='ltr'><strong>pristinum</strong></span> <span class='ocrx_word' id='word_1_463' title='bbox 2196 4280 2289 4319; x_wconf 91' lang='lat' dir='ltr'><strong>co-</strong></span> 
     </span>
    </p>
   </div>
   <div class='ocr_carea' id='block_1_76' title="bbox 2399 3109 3676 3177">
    <p class='ocr_par' dir='ltr' id='par_1_76' title="bbox 2399 3109 3676 3177">
     <span class='ocr_line' id='line_1_76' title="bbox 2399 3109 3676 3177; baseline 0.002 -14"><span class='ocrx_word' id='word_1_464' title='bbox 2399 3110 2786 3164; x_wconf 87' lang='lat' dir='ltr'><strong>humanitatis</strong></span> <span class='ocrx_word' id='word_1_465' title='bbox 2820 3109 3117 3177; x_wconf 83' lang='lat' dir='ltr'><strong>fragilitati</strong></span> <span class='ocrx_word' id='word_1_466' title='bbox 3148 3109 3453 3173; x_wconf 88' lang='lat' dir='ltr'><strong>subactus,</strong></span> <span class='ocrx_word' id='word_1_467' title='bbox 3474 3111 3676 3177; x_wconf 79' lang='lat' dir='ltr'><strong>genuit</strong></span> 
     </span>
    </p>
   </div>
   <div class='ocr_carea' id='block_1_77' title="bbox 2398 3198 3676 3270">
    <p class='ocr_par' dir='ltr' id='par_1_77' title="bbox 2398 3198 3676 3270">
     <span class='ocr_line' id='line_1_77' title="bbox 2398 3198 3676 3270; baseline -0.002 -14"><span class='ocrx_word' id='word_1_468' title='bbox 2398 3200 2643 3256; x_wconf 89' lang='lat' dir='ltr'><strong>totidem</strong></span> <span class='ocrx_word' id='word_1_469' title='bbox 2675 3206 2731 3254; x_wconf 88' lang='lat' dir='ltr'><strong>et</strong></span> <span class='ocrx_word' id='word_1_470' title='bbox 2753 3198 2925 3268; x_wconf 84' lang='lat' dir='ltr'><strong>tilias,</strong></span> <span class='ocrx_word' id='word_1_471' title='bbox 2960 3214 3032 3253; x_wconf 85' lang='lat' dir='ltr'><strong>ex</strong></span> <span class='ocrx_word' id='word_1_472' title='bbox 3060 3199 3411 3253; x_wconf 89' lang='lat' dir='ltr'><strong>concubinis</strong></span> <span class='ocrx_word' id='word_1_473' title='bbox 3438 3215 3449 3253; x_wconf 74' lang='grc' dir='ltr'>ε</span> <span class='ocrx_word' id='word_1_474' title='bbox 3483 3214 3676 3270; x_wconf 87' lang='lat' dir='ltr'><strong>quoru</strong></span> 
     </span>
    </p>
   </div>
   <div class='ocr_carea' id='block_1_78' title="bbox 2398 3288 3676 3359">
    <p class='ocr_par' dir='ltr' id='par_1_78' title="bbox 2398 3288 3676 3359">
     <span class='ocr_line' id='line_1_78' title="bbox 2398 3288 3676 3359; baseline -0.002 -15"><span class='ocrx_word' id='word_1_475' title='bbox 2398 3289 2697 3356; x_wconf 84' lang='lat' dir='ltr'><strong>defredus,</strong></span> <span class='ocrx_word' id='word_1_476' title='bbox 2728 3288 2874 3342; x_wconf 88' lang='lat' dir='ltr'><strong>alter</strong></span> <span class='ocrx_word' id='word_1_477' title='bbox 2908 3304 3043 3342; x_wconf 88' lang='lat' dir='ltr'><strong>vero</strong></span> <span class='ocrx_word' id='word_1_478' title='bbox 3073 3293 3455 3359; x_wconf 88' lang='lat' dir='ltr'><strong>nuncupatur</strong></span> <span class='ocrx_word' id='word_1_479' title='bbox 3480 3288 3676 3342; x_wconf 76' lang='lat' dir='ltr'><strong>Willeli</strong></span> 
     </span>
    </p>
   </div>
   <div class='ocr_carea' id='block_1_79' title="bbox 2399 3377 3676 3449">
    <p class='ocr_par' dir='ltr' id='par_1_79' title="bbox 2399 3377 3676 3449">
     <span class='ocr_line' id='line_1_79' title="bbox 2399 3377 3676 3449; baseline -0.001 -18"><span class='ocrx_word' id='word_1_480' title='bbox 2399 3377 2854 3449; x_wconf 72' lang='lat' dir='ltr'><strong>queluculentze</strong></span> <span class='ocrx_word' id='word_1_481' title='bbox 2882 3377 3208 3445; x_wconf 87' lang='lat' dir='ltr'><strong>majestatis</strong></span> <span class='ocrx_word' id='word_1_482' title='bbox 3254 3377 3467 3444; x_wconf 86' lang='lat' dir='ltr'><strong>virgini</strong></span> <span class='ocrx_word' id='word_1_483' title='bbox 3520 3391 3592 3431; x_wconf 83' lang='lat' dir='ltr'><strong>ex</strong></span> <span class='ocrx_word' id='word_1_484' title='bbox 3646 3378 3676 3431; x_wconf 88' lang='lat' dir='ltr'><strong>f.</strong></span> 
     </span>
    </p>
   </div>
   <div class='ocr_carea' id='block_1_80' title="bbox 2399 3465 3676 3537">
    <p class='ocr_par' dir='ltr' id='par_1_80' title="bbox 2399 3465 3676 3537">
     <span class='ocr_line' id='line_1_80' title="bbox 2399 3465 3676 3537; baseline 0.001 -17"><span class='ocrx_word' id='word_1_485' title='bbox 2399 3465 2690 3521; x_wconf 87' lang='lat' dir='ltr'><strong>nobilium</strong></span> <span class='ocrx_word' id='word_1_486' title='bbox 2725 3469 3016 3519; x_wconf 85' lang='lat' dir='ltr'><strong>Dacorum</strong></span> <span class='ocrx_word' id='word_1_487' title='bbox 3048 3466 3327 3537; x_wconf 82' lang='lat' dir='ltr'><strong>prosapia</strong></span> <span class='ocrx_word' id='word_1_488' title='bbox 3358 3468 3591 3529; x_wconf 76' lang='lat' dir='ltr'><strong>exortae,</strong></span> <span class='ocrx_word' id='word_1_489' title='bbox 3652 3480 3676 3521; x_wconf 72' lang='grc' dir='ltr'>ε</span> 
     </span>
    </p>
   </div>
   <div class='ocr_carea' id='block_1_81' title="bbox 2400 3552 3676 3625">
    <p class='ocr_par' dir='ltr' id='par_1_81' title="bbox 2400 3552 3676 3625">
     <span class='ocr_line' id='line_1_81' title="bbox 2400 3552 3676 3625; baseline -0.001 -17"><span class='ocrx_word' id='word_1_490' title='bbox 2400 3552 2850 3625; x_wconf 56' lang='lat' dir='ltr'><strong>speciosissima</strong></span> <span class='ocrx_word' id='word_1_491' title='bbox 2906 3554 3506 3608; x_wconf 82' lang='lat' dir='ltr'><strong>Northmannicarum</strong></span> <span class='ocrx_word' id='word_1_492' title='bbox 3556 3554 3676 3621; x_wconf 65' lang='lat' dir='ltr'><strong>virg</strong></span> 
     </span>
    </p>
   </div>
   <div class='ocr_carea' id='block_1_82' title="bbox 2400 3640 3676 3714">
    <p class='ocr_par' dir='ltr' id='par_1_82' title="bbox 2400 3640 3676 3714">
     <span class='ocr_line' id='line_1_82' title="bbox 2400 3640 3676 3714; baseline 0 -17"><span class='ocrx_word' id='word_1_493' title='bbox 2400 3640 2887 3714; x_wconf 85' lang='lat' dir='ltr'><strong>mutantibusque</strong></span> <span class='ocrx_word' id='word_1_494' title='bbox 2911 3641 3167 3696; x_wconf 89' lang='lat' dir='ltr'><strong>civilium</strong></span> <span class='ocrx_word' id='word_1_495' title='bbox 3186 3642 3631 3713; x_wconf 88' lang='lat' dir='ltr'><strong>forensiumque</strong></span> <span class='ocrx_word' id='word_1_496' title='bbox 3652 3660 3676 3697; x_wconf 88' lang='lat' dir='ltr'><strong>r</strong></span> 
     </span>
    </p>
   </div>
   <div class='ocr_carea' id='block_1_83' title="bbox 2399 3729 3676 3802">
    <p class='ocr_par' dir='ltr' id='par_1_83' title="bbox 2399 3729 3676 3802">
     <span class='ocr_line' id='line_1_83' title="bbox 2399 3729 3676 3802; baseline -0.002 -17"><span class='ocrx_word' id='word_1_497' title='bbox 2399 3729 2555 3785; x_wconf 85' lang='lat' dir='ltr'><strong>tibus</strong></span> <span class='ocrx_word' id='word_1_498' title='bbox 2583 3730 2959 3797; x_wconf 84' lang='lat' dir='ltr'><strong>cautissimae,</strong></span> <span class='ocrx_word' id='word_1_499' title='bbox 2988 3730 3345 3802; x_wconf 88' lang='lat' dir='ltr'><strong>t&#39;cmincique</strong></span> <span class='ocrx_word' id='word_1_500' title='bbox 3378 3730 3602 3785; x_wconf 82' lang='lat' dir='ltr'><strong>artificii</strong></span> <span class='ocrx_word' id='word_1_501' title='bbox 3635 3747 3676 3785; x_wconf 58' lang='lat' dir='ltr'><strong>ei</strong></span> 
     </span>
    </p>
   </div>
   <div class='ocr_carea' id='block_1_84' title="bbox 2398 3818 3676 3891">
    <p class='ocr_par' dir='ltr' id='par_1_84' title="bbox 2398 3818 3676 3891">
     <span class='ocr_line' id='line_1_84' title="bbox 2398 3818 3676 3891; baseline -0.002 -16"><span class='ocrx_word' id='word_1_502' title='bbox 2398 3819 2518 3889; x_wconf 92' lang='lat' dir='ltr'><strong>nio,</strong></span> <span class='ocrx_word' id='word_1_503' title='bbox 2552 3820 2945 3890; x_wconf 63' lang='lat' dir='ltr'><strong>facundieque</strong></span> <span class='ocrx_word' id='word_1_504' title='bbox 2964 3818 3247 3874; x_wconf 87' lang='lat' dir='ltr'><strong>ubertatis</strong></span> <span class='ocrx_word' id='word_1_505' title='bbox 3275 3818 3511 3891; x_wconf 90' lang='lat' dir='ltr'><strong>eloquio</strong></span> <span class='ocrx_word' id='word_1_506' title='bbox 3536 3822 3676 3873; x_wconf 88' lang='lat' dir='ltr'><strong>mod</strong></span> 
     </span>
    </p>
   </div>
   <div class='ocr_carea' id='block_1_85' title="bbox 2400 3907 3671 3981">
    <p class='ocr_par' dir='ltr' id='par_1_85' title="bbox 2400 3907 3671 3981">
     <span class='ocr_line' id='line_1_85' title="bbox 2400 3907 3671 3981; baseline -0.001 -17"><span class='ocrx_word' id='word_1_507' title='bbox 2400 3909 2459 3979; x_wconf 87' lang='lat' dir='ltr'><strong>ti,</strong></span> <span class='ocrx_word' id='word_1_508' title='bbox 2492 3910 2851 3981; x_wconf 85' lang='lat' dir='ltr'><strong>capacisque</strong></span> <span class='ocrx_word' id='word_1_509' title='bbox 2882 3907 3184 3963; x_wconf 79' lang='lat' dir='ltr'><strong>memoriae</strong></span> <span class='ocrx_word' id='word_1_510' title='bbox 3218 3915 3273 3963; x_wconf 88' lang='lat' dir='ltr'><strong>et</strong></span> <span class='ocrx_word' id='word_1_511' title='bbox 3300 3908 3671 3964; x_wconf 85' lang='lat' dir='ltr'><strong>rccordation</strong></span> 
     </span>
    </p>
   </div>
   <div class='ocr_carea' id='block_1_86' title="bbox 2397 3994 3675 4070">
    <p class='ocr_par' dir='ltr' id='par_1_86' title="bbox 2397 3994 3675 4070">
     <span class='ocr_line' id='line_1_86' title="bbox 2397 3994 3675 4070; baseline -0.002 -17"><span class='ocrx_word' id='word_1_512' title='bbox 2397 3997 2699 4070; x_wconf 85' lang='lat' dir='ltr'><strong>profusius</strong></span> <span class='ocrx_word' id='word_1_513' title='bbox 2746 3994 3138 4069; x_wconf 66' lang='lat' dir='ltr'><strong>locupletataa,</strong></span> <span class='ocrx_word' id='word_1_514' title='bbox 3197 4000 3375 4068; x_wconf 89' lang='lat' dir='ltr'><strong>atque</strong></span> <span class='ocrx_word' id='word_1_515' title='bbox 3424 3997 3675 4052; x_wconf 89' lang='lat' dir='ltr'><strong>omniuu</strong></span> 
     </span>
    </p>
   </div>
   <div class='ocr_carea' id='block_1_87' title="bbox 2396 4084 3676 4160">
    <p class='ocr_par' dir='ltr' id='par_1_87' title="bbox 2396 4084 3676 4160">
     <span class='ocr_line' id='line_1_87' title="bbox 2396 4084 3676 4160; baseline -0.001 -18"><span class='ocrx_word' id='word_1_516' title='bbox 2396 4084 2764 4160; x_wconf 70' lang='lat' dir='ltr'><strong>praemunitze</strong></span> <span class='ocrx_word' id='word_1_517' title='bbox 2796 4085 3099 4141; x_wconf 79' lang='lat' dir='ltr'><strong>afﬂuentia</strong></span> <span class='ocrx_word' id='word_1_518' title='bbox 3127 4103 3185 4141; x_wconf 91' lang='lat' dir='ltr'><strong>se</strong></span> <span class='ocrx_word' id='word_1_519' title='bbox 3215 4084 3533 4141; x_wconf 79' lang='lat' dir='ltr'><strong>connexuit</strong></span> <span class='ocrx_word' id='word_1_520' title='bbox 3564 4100 3576 4151; x_wconf 88' lang='lat'><strong>;</strong></span> <span class='ocrx_word' id='word_1_521' title='bbox 3610 4102 3676 4141; x_wconf 86' lang='lat' dir='ltr'><strong>ea</strong></span> 
     </span>
    </p>
   </div>
   <div class='ocr_carea' id='block_1_88' title="bbox 2395 4173 3643 4248">
    <p class='ocr_par' dir='ltr' id='par_1_88' title="bbox 2395 4173 3643 4248">
     <span class='ocr_line' id='line_1_88' title="bbox 2395 4173 3643 4248; baseline -0.002 -17"><span class='ocrx_word' id='word_1_522' title='bbox 2395 4175 2595 4231; x_wconf 66' lang='lat' dir='ltr'><strong>hibita:</strong></span> <span class='ocrx_word' id='word_1_523' title='bbox 2625 4174 3017 4248; x_wconf 89' lang='lat' dir='ltr'><strong>eopulationis</strong></span> <span class='ocrx_word' id='word_1_524' title='bbox 3049 4175 3267 4229; x_wconf 82' lang='lat' dir='ltr'><strong>foedere</strong></span> <span class='ocrx_word' id='word_1_525' title='bbox 3299 4173 3532 4229; x_wconf 89' lang='lat' dir='ltr'><strong>sortitus</strong></span> <span class='ocrx_word' id='word_1_526' title='bbox 3560 4180 3643 4229; x_wconf 89' lang='lat' dir='ltr'><strong>est</strong></span> 
     </span>
    </p>
   </div>
   <div class='ocr_carea' id='block_1_89' title="bbox 2397 4262 3669 4335">
    <p class='ocr_par' dir='ltr' id='par_1_89' title="bbox 2397 4262 3669 4335">
     <span class='ocr_line' id='line_1_89' title="bbox 2397 4262 3669 4335; baseline -0.002 -16"><span class='ocrx_word' id='word_1_527' title='bbox 2397 4265 2606 4320; x_wconf 90' lang='lat' dir='ltr'><strong>biliter.</strong></span> <span class='ocrx_word' id='word_1_528' title='bbox 2640 4262 3189 4321; x_wconf 86' lang='lat' dir='ltr'><strong>Northmannorum</strong></span> <span class='ocrx_word' id='word_1_529' title='bbox 3216 4279 3360 4318; x_wconf 87' lang='lat' dir='ltr'><strong>vero</strong></span> <span class='ocrx_word' id='word_1_530' title='bbox 3392 4264 3669 4335; x_wconf 86' lang='lat' dir='ltr'><strong>optimate</strong></span> 
     </span>
    </p>
   </div>
   <div class='ocr_carea' id='block_1_90' title="bbox 642 4352 3675 4447">
    <p class='ocr_par' dir='ltr' id='par_1_90' title="bbox 642 4352 3675 4447">
     <span class='ocr_line' id='line_1_90' title="bbox 642 4352 3675 4447; baseline -0.002 -35"><span class='ocrx_word' id='word_1_531' title='bbox 642 4355 832 4412; x_wconf 88' lang='lat' dir='ltr'><strong>lorem</strong></span> <span class='ocrx_word' id='word_1_532' title='bbox 862 4373 1102 4412; x_wconf 83' lang='lat' dir='ltr'><strong>servans</strong></span> <span class='ocrx_word' id='word_1_533' title='bbox 1124 4356 1313 4412; x_wconf 90' lang='lat' dir='ltr'><strong>intuiti</strong></span> <span class='ocrx_word' id='word_1_534' title='bbox 1344 4359 1500 4410; x_wconf 89' lang='lat' dir='ltr'><strong>sunt.</strong></span> <span class='ocrx_word' id='word_1_535' title='bbox 1537 4353 1650 4410; x_wconf 90' lang='lat' dir='ltr'><strong>Sed</strong></span> <span class='ocrx_word' id='word_1_536' title='bbox 1678 4353 1900 4408; x_wconf 89' lang='lat' dir='ltr'><strong>mirum</strong></span> <span class='ocrx_word' id='word_1_537' title='bbox 1955 4352 2100 4406; x_wconf 90' lang='lat' dir='ltr'><strong>mihi</strong></span> <span class='ocrx_word' id='word_1_538' title='bbox 2142 4353 2289 4424; x_wconf 91' lang='lat' dir='ltr'><strong>quid</strong></span> <span class='ocrx_word' id='word_1_539' title='bbox 2319 4393 2362 4447; x_wconf 68' lang='grc' dir='ltr'>Β</span> <span class='ocrx_word' id='word_1_540' title='bbox 2399 4369 2498 4408; x_wconf 93' lang='lat' dir='ltr'><strong>mo</strong></span> <span class='ocrx_word' id='word_1_541' title='bbox 2523 4352 2844 4408; x_wconf 64' lang='lat' dir='ltr'><strong>diffamatis</strong></span> <span class='ocrx_word' id='word_1_542' title='bbox 2878 4352 3074 4424; x_wconf 88' lang='lat' dir='ltr'><strong>stirpis</strong></span> <span class='ocrx_word' id='word_1_543' title='bbox 3098 4367 3231 4407; x_wconf 90' lang='lat' dir='ltr'><strong>eam</strong></span> <span class='ocrx_word' id='word_1_544' title='bbox 3287 4357 3596 4407; x_wconf 87' lang='lat' dir='ltr'><strong>noscentes</strong></span> <span class='ocrx_word' id='word_1_545' title='bbox 3644 4369 3675 4406; x_wconf 89' lang='lat' dir='ltr'><strong>e</strong></span> 
     </span>
    </p>
   </div>
   <div class='ocr_carea' id='block_1_91' title="bbox 645 4439 2290 4517">
    <p class='ocr_par' dir='ltr' id='par_1_91' title="bbox 645 4439 2290 4517">
     <span class='ocr_line' id='line_1_91' title="bbox 645 4439 2290 4517; baseline -0.001 -19"><span class='ocrx_word' id='word_1_546' title='bbox 645 4460 823 4517; x_wconf 90' lang='lat' dir='ltr'><strong>super</strong></span> <span class='ocrx_word' id='word_1_547' title='bbox 842 4445 955 4500; x_wconf 86' lang='lat' dir='ltr'><strong>hoc</strong></span> <span class='ocrx_word' id='word_1_548' title='bbox 981 4442 1528 4501; x_wconf 86' lang='lat' dir='ltr'><strong>characterizabunt</strong></span> <span class='ocrx_word' id='word_1_549' title='bbox 1556 4440 1866 4507; x_wconf 90' lang='lat' dir='ltr'><strong>dialectici,</strong></span> <span class='ocrx_word' id='word_1_550' title='bbox 1898 4439 2001 4512; x_wconf 90' lang='lat' dir='ltr'><strong>qui</strong></span> <span class='ocrx_word' id='word_1_551' title='bbox 2031 4456 2166 4495; x_wconf 92' lang='lat' dir='ltr'><strong>cum</strong></span> <span class='ocrx_word' id='word_1_552' title='bbox 2198 4458 2290 4496; x_wconf 88' lang='lat' dir='ltr'><strong>ac-</strong></span> 
     </span>
    </p>
   </div>
   <div class='ocr_carea' id='block_1_92' title="bbox 645 4528 2286 4607">
    <p class='ocr_par' dir='ltr' id='par_1_92' title="bbox 645 4528 2286 4607">
     <span class='ocr_line' id='line_1_92' title="bbox 645 4528 2286 4607; baseline -0.001 -19"><span class='ocrx_word' id='word_1_553' title='bbox 645 4530 846 4589; x_wconf 91' lang='lat' dir='ltr'><strong>cidens</strong></span> <span class='ocrx_word' id='word_1_554' title='bbox 872 4534 1241 4607; x_wconf 64' lang='lat' dir='ltr'><strong>Aithiopique</strong></span> <span class='ocrx_word' id='word_1_555' title='bbox 1274 4531 1672 4602; x_wconf 88' lang='lat' dir='ltr'><strong>categorizant</strong></span> <span class='ocrx_word' id='word_1_556' title='bbox 1696 4528 2093 4601; x_wconf 88' lang='lat' dir='ltr'><strong>inseparabile</strong></span> <span class='ocrx_word' id='word_1_557' title='bbox 2138 4548 2286 4600; x_wconf 89' lang='lat' dir='ltr'><strong>esse,</strong></span> 
     </span>
    </p>
   </div>
   <div class='ocr_carea' id='block_1_93' title="bbox 643 4617 2289 4689">
    <p class='ocr_par' dir='ltr' id='par_1_93' title="bbox 643 4617 2289 4689">
     <span class='ocr_line' id='line_1_93' title="bbox 643 4617 2289 4689; baseline -0.002 -9"><span class='ocrx_word' id='word_1_558' title='bbox 643 4623 737 4679; x_wconf 89' lang='lat' dir='ltr'><strong>hic</strong></span> <span class='ocrx_word' id='word_1_559' title='bbox 767 4624 1065 4680; x_wconf 89' lang='lat' dir='ltr'><strong>mutatum</strong></span> <span class='ocrx_word' id='word_1_560' title='bbox 1084 4623 1306 4679; x_wconf 87' lang='lat' dir='ltr'><strong>vident.</strong></span> <span class='ocrx_word' id='word_1_561' title='bbox 1342 4620 1514 4686; x_wconf 89' lang='lat' dir='ltr'><strong>Quod</strong></span> <span class='ocrx_word' id='word_1_562' title='bbox 1543 4617 1802 4689; x_wconf 82' lang='lat' dir='ltr'><strong>amplius</strong></span> <span class='ocrx_word' id='word_1_563' title='bbox 1827 4618 2139 4689; x_wconf 87' lang='lat' dir='ltr'><strong>prOpalare</strong></span> <span class='ocrx_word' id='word_1_564' title='bbox 2165 4636 2289 4676; x_wconf 90' lang='lat' dir='ltr'><strong>non</strong></span> 
     </span>
    </p>
   </div>
   <div class='ocr_carea' id='block_1_94' title="bbox 599 4706 2287 4780">
    <p class='ocr_par' dir='ltr' id='par_1_94' title="bbox 599 4706 2287 4780">
     <span class='ocr_line' id='line_1_94' title="bbox 599 4706 2287 4780; baseline -0.002 -13"><span class='ocrx_word' id='word_1_565' title='bbox 599 4726 607 4731; x_wconf 84' lang='lat'>&#39;</span> <span class='ocrx_word' id='word_1_566' title='bbox 643 4728 941 4779; x_wconf 87' lang='lat' dir='ltr'><strong>curamus,</strong></span> <span class='ocrx_word' id='word_1_567' title='bbox 975 4711 1081 4769; x_wconf 91' lang='lat' dir='ltr'><strong>sed</strong></span> <span class='ocrx_word' id='word_1_568' title='bbox 1128 4711 1208 4768; x_wconf 90' lang='lat' dir='ltr'><strong>ad</strong></span> <span class='ocrx_word' id='word_1_569' title='bbox 1259 4712 1474 4765; x_wconf 81' lang='lat' dir='ltr'><strong>nostrae</strong></span> <span class='ocrx_word' id='word_1_570' title='bbox 1525 4706 1865 4763; x_wconf 89' lang='lat' dir='ltr'><strong>intentionis</strong></span> <span class='ocrx_word' id='word_1_571' title='bbox 1915 4710 2287 4780; x_wconf 89' lang='lat' dir='ltr'><strong>propositum</strong></span> 
     </span>
    </p>
   </div>
   <div class='ocr_carea' id='block_1_95' title="bbox 640 4796 2288 4875">
    <p class='ocr_par' dir='ltr' id='par_1_95' title="bbox 640 4796 2288 4875">
     <span class='ocr_line' id='line_1_95' title="bbox 640 4796 2288 4875; baseline -0.002 -18"><span class='ocrx_word' id='word_1_572' title='bbox 640 4805 856 4857; x_wconf 61' lang='lat' dir='ltr'><strong>nostrae</strong></span> <span class='ocrx_word' id='word_1_573' title='bbox 880 4797 1368 4875; x_wconf 69' lang='lat' dir='ltr'><strong>praesumptionis</strong></span> <span class='ocrx_word' id='word_1_574' title='bbox 1392 4796 1594 4851; x_wconf 89' lang='lat' dir='ltr'><strong>stilum</strong></span> <span class='ocrx_word' id='word_1_575' title='bbox 1615 4800 1939 4850; x_wconf 87' lang='lat' dir='ltr'><strong>vertamus.</strong></span> <span class='ocrx_word' id='word_1_576' title='bbox 1963 4796 2288 4853; x_wconf 81' lang='lat' dir='ltr'><strong>Elucidabit</strong></span> 
     </span>
    </p>
   </div>
   <div class='ocr_carea' id='block_1_96' title="bbox 641 4885 2286 4961">
    <p class='ocr_par' dir='ltr' id='par_1_96' title="bbox 641 4885 2286 4961">
     <span class='ocr_line' id='line_1_96' title="bbox 641 4885 2286 4961; baseline -0.002 -14"><span class='ocrx_word' id='word_1_577' title='bbox 641 4891 801 4947; x_wconf 90' lang='lat' dir='ltr'><strong>enim</strong></span> <span class='ocrx_word' id='word_1_578' title='bbox 825 4891 1074 4947; x_wconf 87' lang='lat' dir='ltr'><strong>libenter</strong></span> <span class='ocrx_word' id='word_1_579' title='bbox 1097 4906 1232 4961; x_wconf 56' lang='lat' dir='ltr'><strong>quae</strong></span> <span class='ocrx_word' id='word_1_580' title='bbox 1261 4885 1533 4959; x_wconf 89' lang='lat' dir='ltr'><strong>quiverit,</strong></span> <span class='ocrx_word' id='word_1_581' title='bbox 1558 4885 1664 4941; x_wconf 89' lang='lat' dir='ltr'><strong>sed</strong></span> <span class='ocrx_word' id='word_1_582' title='bbox 1691 4885 2056 4958; x_wconf 69' lang='lat' dir='ltr'><strong>quae&quot;relatui</strong></span> <span class='ocrx_word' id='word_1_583' title='bbox 2083 4905 2286 4943; x_wconf 88' lang='lat' dir='ltr'><strong>neces-</strong></span> 
     </span>
    </p>
   </div>
   <div class='ocr_carea' id='block_1_97' title="bbox 644 4972 2287 5048">
    <p class='ocr_par' dir='ltr' id='par_1_97' title="bbox 644 4972 2287 5048">
     <span class='ocr_line' id='line_1_97' title="bbox 644 4972 2287 5048; baseline -0.002 -13"><span class='ocrx_word' id='word_1_584' title='bbox 644 4978 802 5035; x_wconf 87' lang='lat' dir='ltr'><strong>saria</strong></span> <span class='ocrx_word' id='word_1_585' title='bbox 830 4984 985 5044; x_wconf 91' lang='lat' dir='ltr'><strong>sunt,</strong></span> <span class='ocrx_word' id='word_1_586' title='bbox 1017 4977 1283 5044; x_wconf 90' lang='lat' dir='ltr'><strong>digerere</strong></span> <span class='ocrx_word' id='word_1_587' title='bbox 1308 4988 1433 5028; x_wconf 91' lang='lat' dir='ltr'><strong>non</strong></span> <span class='ocrx_word' id='word_1_588' title='bbox 1453 4972 1686 5028; x_wconf 89' lang='lat' dir='ltr'><strong>valebit.</strong></span> <span class='ocrx_word' id='word_1_589' title='bbox 1734 4973 1818 5028; x_wconf 88' lang='lat' dir='ltr'><strong>111i</strong></span> <span class='ocrx_word' id='word_1_590' title='bbox 1839 4989 2101 5048; x_wconf 88' lang='lat' dir='ltr'><strong>namque</strong></span> <span class='ocrx_word' id='word_1_591' title='bbox 2150 4982 2287 5032; x_wconf 90' lang='lat' dir='ltr'><strong>sunt</strong></span> 
     </span>
    </p>
   </div>
   <div class='ocr_carea' id='block_1_98' title="bbox 640 5062 2286 5137">
    <p class='ocr_par' dir='ltr' id='par_1_98' title="bbox 640 5062 2286 5137">
     <span class='ocr_line' id='line_1_98' title="bbox 640 5062 2286 5137; baseline -0.002 -12"><span class='ocrx_word' id='word_1_592' title='bbox 640 5069 809 5125; x_wconf 87' lang='lat' dir='ltr'><strong>istius</strong></span> <span class='ocrx_word' id='word_1_593' title='bbox 837 5068 1140 5124; x_wconf 88' lang='lat' dir='ltr'><strong>bonorum</strong></span> <span class='ocrx_word' id='word_1_594' title='bbox 1169 5078 1353 5135; x_wconf 87' lang='lat' dir='ltr'><strong>opera</strong></span> <span class='ocrx_word' id='word_1_595' title='bbox 1368 5062 1629 5137; x_wconf 80' lang='lat' dir='ltr'><strong>cognita,</strong></span> <span class='ocrx_word' id='word_1_596' title='bbox 1644 5062 1747 5134; x_wconf 88' lang='lat' dir='ltr'><strong>qui</strong></span> <span class='ocrx_word' id='word_1_597' title='bbox 1771 5079 1904 5135; x_wconf 63' lang='lat' dir='ltr'><strong>quae</strong></span> <span class='ocrx_word' id='word_1_598' title='bbox 1921 5070 2286 5137; x_wconf 87' lang='lat' dir='ltr'><strong>peraguntur</strong></span> 
     </span>
    </p>
   </div>
   <div class='ocr_carea' id='block_1_99' title="bbox 640 5158 1583 5217">
    <p class='ocr_par' dir='ltr' id='par_1_99' title="bbox 640 5158 1583 5217">
     <span class='ocr_line' id='line_1_99' title="bbox 640 5158 1583 5217; baseline -0.016 -2"><span class='ocrx_word' id='word_1_599' title='bbox 640 5158 809 5215; x_wconf 88' lang='lat' dir='ltr'><strong>novit</strong></span> <span class='ocrx_word' id='word_1_600' title='bbox 837 5158 1135 5213; x_wconf 88' lang='lat' dir='ltr'><strong>universa.</strong></span> <span class='ocrx_word' id='word_1_601' title='bbox 1561 5201 1583 5217; x_wconf 66' lang='grc'><strong><em>,</em></strong></span> 
     </span>
    </p>
   </div>
   <div class='ocr_carea' id='block_1_100' title="bbox 1282 5238 1640 5278">
    <p class='ocr_par' dir='ltr' id='par_1_100' title="bbox 1282 5238 1640 5278">
     <span class='ocr_line' id='line_1_100' title="bbox 1282 5238 1640 5278; baseline -0.003 -1"><span class='ocrx_word' id='word_1_602' title='bbox 1282 5238 1640 5278; x_wconf 71' lang='lat' dir='ltr'><strong>APOSTROHPA</strong></span> 
     </span>
    </p>
   </div>
   <div class='ocr_carea' id='block_1_101' title="bbox 714 5329 2091 5403">
    <p class='ocr_par' dir='ltr' id='par_1_101' title="bbox 714 5329 2091 5403">
     <span class='ocr_line' id='line_1_101' title="bbox 714 5329 2091 5403; baseline -0.001 -15"><span class='ocrx_word' id='word_1_603' title='bbox 714 5336 1008 5388; x_wconf 82' lang='lat' dir='ltr'><strong>Hactenus</strong></span> <span class='ocrx_word' id='word_1_604' title='bbox 1035 5329 1295 5402; x_wconf 62' lang='lat' dir='ltr'><strong>aequorei</strong></span> <span class='ocrx_word' id='word_1_605' title='bbox 1321 5344 1426 5403; x_wconf 89' lang='lat' dir='ltr'><strong>per</strong></span> <span class='ocrx_word' id='word_1_606' title='bbox 1454 5345 1677 5400; x_wconf 87' lang='lat' dir='ltr'><strong>magna</strong></span> <span class='ocrx_word' id='word_1_607' title='bbox 1703 5331 1942 5400; x_wconf 88' lang='lat' dir='ltr'><strong>negotia</strong></span> <span class='ocrx_word' id='word_1_608' title='bbox 1968 5332 2091 5402; x_wconf 86' lang='lat' dir='ltr'><strong>fati,</strong></span> 
     </span>
    </p>
   </div>
   <div class='ocr_carea' id='block_1_102' title="bbox 641 5418 2156 5491">
    <p class='ocr_par' dir='ltr' id='par_1_102' title="bbox 641 5418 2156 5491">
     <span class='ocr_line' id='line_1_102' title="bbox 641 5418 2156 5491; baseline -0.001 -13"><span class='ocrx_word' id='word_1_609' title='bbox 641 5419 1006 5491; x_wconf 87' lang='lat' dir='ltr'><strong>Dispositum</strong></span> <span class='ocrx_word' id='word_1_610' title='bbox 1025 5418 1340 5491; x_wconf 88' lang='lat' dir='ltr'><strong>variosque</strong></span> <span class='ocrx_word' id='word_1_611' title='bbox 1364 5418 1627 5474; x_wconf 90' lang='lat' dir='ltr'><strong>vicissim</strong></span> <span class='ocrx_word' id='word_1_612' title='bbox 1655 5420 1887 5476; x_wconf 90' lang='lat' dir='ltr'><strong>turbine</strong></span> <span class='ocrx_word' id='word_1_613' title='bbox 1912 5420 2156 5491; x_wconf 82' lang='lat' dir='ltr'><strong>factum,</strong></span> 
     </span>
    </p>
   </div>
   <div class='ocr_carea' id='block_1_103' title="bbox 642 5506 1963 5579">
    <p class='ocr_par' dir='ltr' id='par_1_103' title="bbox 642 5506 1963 5579">
     <span class='ocr_line' id='line_1_103' title="bbox 642 5506 1963 5579; baseline -0.003 -13"><span class='ocrx_word' id='word_1_614' title='bbox 642 5511 1033 5579; x_wconf 53' lang='lat' dir='ltr'><strong>Fortunaeque</strong></span> <span class='ocrx_word' id='word_1_615' title='bbox 1062 5506 1219 5563; x_wconf 87' lang='lat' dir='ltr'><strong>vices</strong></span> <span class='ocrx_word' id='word_1_616' title='bbox 1246 5506 1465 5563; x_wconf 87' lang='lat' dir='ltr'><strong>biﬁdas</strong></span> <span class='ocrx_word' id='word_1_617' title='bbox 1496 5507 1675 5563; x_wconf 84' lang='lat' dir='ltr'><strong>felicis</strong></span> <span class='ocrx_word' id='word_1_618' title='bbox 1705 5513 1763 5564; x_wconf 89' lang='lat' dir='ltr'><strong>et</strong></span> <span class='ocrx_word' id='word_1_619' title='bbox 1788 5508 1963 5579; x_wconf 89' lang='lat' dir='ltr'><strong>aeris,</strong></span> 
     </span>
    </p>
   </div>
   <div class='ocr_carea' id='block_1_104' title="bbox 642 5594 2033 5668">
    <p class='ocr_par' dir='ltr' id='par_1_104' title="bbox 642 5594 2033 5668">
     <span class='ocr_line' id='line_1_104' title="bbox 642 5594 2033 5668; baseline 0 -16"><span class='ocrx_word' id='word_1_620' title='bbox 642 5594 946 5652; x_wconf 82' lang='lat' dir='ltr'><strong>Undisona</strong></span> <span class='ocrx_word' id='word_1_621' title='bbox 974 5599 1173 5651; x_wconf 88' lang='lat' dir='ltr'><strong>vectus</strong></span> <span class='ocrx_word' id='word_1_622' title='bbox 1204 5595 1408 5663; x_wconf 88' lang='lat' dir='ltr'><strong>ﬂuctu,</strong></span> <span class='ocrx_word' id='word_1_623' title='bbox 1440 5601 1717 5665; x_wconf 87' lang='lat' dir='ltr'><strong>surgente</strong></span> <span class='ocrx_word' id='word_1_624' title='bbox 1752 5596 2033 5668; x_wconf 83' lang='lat' dir='ltr'><strong>procella.</strong></span> 
     </span>
    </p>
   </div>
   <div class='ocr_carea' id='block_1_105' title="bbox 641 5681 1927 5742">
    <p class='ocr_par' dir='ltr' id='par_1_105' title="bbox 641 5681 1927 5742">
     <span class='ocr_line' id='line_1_105' title="bbox 641 5681 1927 5742; baseline -0.002 0"><span class='ocrx_word' id='word_1_625' title='bbox 641 5681 768 5742; x_wconf 86' lang='lat' dir='ltr'><strong>Sub</strong></span> <span class='ocrx_word' id='word_1_626' title='bbox 795 5686 932 5742; x_wconf 54' lang='grc' dir='ltr'><strong>Μεθ’</strong></span> <span class='ocrx_word' id='word_1_627' title='bbox 961 5682 1148 5740; x_wconf 79' lang='lat' dir='ltr'><strong>cecini</strong></span> <span class='ocrx_word' id='word_1_628' title='bbox 1174 5689 1389 5742; x_wconf 61' lang='lat' dir='ltr'><strong>nostra</strong></span> <span class='ocrx_word' id='word_1_629' title='bbox 1415 5685 1694 5742; x_wconf 84' lang='lat' dir='ltr'><strong>stridente</strong></span> <span class='ocrx_word' id='word_1_630' title='bbox 1714 5685 1927 5741; x_wconf 78' lang='lat' dir='ltr'><strong>cicuta.</strong></span> 
     </span>
    </p>
   </div>
   <div class='ocr_carea' id='block_1_106' title="bbox 2398 4441 3675 4514">
    <p class='ocr_par' dir='ltr' id='par_1_106' title="bbox 2398 4441 3675 4514">
     <span class='ocr_line' id='line_1_106' title="bbox 2398 4441 3675 4514; baseline -0.001 -16"><span class='ocrx_word' id='word_1_631' title='bbox 2398 4444 2579 4513; x_wconf 89' lang='lat' dir='ltr'><strong>mine,</strong></span> <span class='ocrx_word' id='word_1_632' title='bbox 2606 4448 2661 4498; x_wconf 91' lang='lat' dir='ltr'><strong>et</strong></span> <span class='ocrx_word' id='word_1_633' title='bbox 2687 4443 2759 4497; x_wconf 91' lang='lat' dir='ltr'><strong>de</strong></span> <span class='ocrx_word' id='word_1_634' title='bbox 2788 4458 3151 4509; x_wconf 85' lang='lat' dir='ltr'><strong>successore,</strong></span> <span class='ocrx_word' id='word_1_635' title='bbox 3209 4442 3403 4514; x_wconf 89' lang='lat' dir='ltr'><strong>deque</strong></span> <span class='ocrx_word' id='word_1_636' title='bbox 3458 4441 3675 4497; x_wconf 64' lang='lat' dir='ltr'><strong>haeredt</strong></span> 
     </span>
    </p>
   </div>
   <div class='ocr_carea' id='block_1_107' title="bbox 2396 4528 3676 4605">
    <p class='ocr_par' dir='ltr' id='par_1_107' title="bbox 2396 4528 3676 4605">
     <span class='ocr_line' id='line_1_107' title="bbox 2396 4528 3676 4605; baseline -0.002 -18"><span class='ocrx_word' id='word_1_637' title='bbox 2396 4532 2734 4605; x_wconf 88' lang='lat' dir='ltr'><strong>posteritate</strong></span> <span class='ocrx_word' id='word_1_638' title='bbox 2757 4528 3055 4586; x_wconf 87' lang='lat' dir='ltr'><strong>salutifera</strong></span> <span class='ocrx_word' id='word_1_639' title='bbox 3079 4530 3239 4602; x_wconf 91' lang='lat' dir='ltr'><strong>plebi</strong></span> <span class='ocrx_word' id='word_1_640' title='bbox 3256 4530 3504 4585; x_wconf 91' lang='lat' dir='ltr'><strong>nimium</strong></span> <span class='ocrx_word' id='word_1_641' title='bbox 3525 4530 3676 4599; x_wconf 87' lang='lat' dir='ltr'><strong>cogit</strong></span> 
     </span>
    </p>
   </div>
   <div class='ocr_carea' id='block_1_108' title="bbox 2398 4619 3676 4693">
    <p class='ocr_par' dir='ltr' id='par_1_108' title="bbox 2398 4619 3676 4693">
     <span class='ocr_line' id='line_1_108' title="bbox 2398 4619 3676 4693; baseline -0.002 -15"><span class='ocrx_word' id='word_1_642' title='bbox 2398 4622 2581 4678; x_wconf 89' lang='lat' dir='ltr'><strong>missa</strong></span> <span class='ocrx_word' id='word_1_643' title='bbox 2609 4638 2771 4689; x_wconf 89' lang='lat' dir='ltr'><strong>voce,</strong></span> <span class='ocrx_word' id='word_1_644' title='bbox 2804 4620 3085 4693; x_wconf 91' lang='lat' dir='ltr'><strong>vultuque</strong></span> <span class='ocrx_word' id='word_1_645' title='bbox 3106 4619 3375 4693; x_wconf 90' lang='lat' dir='ltr'><strong>proclivi,</strong></span> <span class='ocrx_word' id='word_1_646' title='bbox 3408 4620 3676 4676; x_wconf 79' lang='lat' dir='ltr'><strong>Richardc</strong></span> 
     </span>
    </p>
   </div>
   <div class='ocr_carea' id='block_1_109' title="bbox 2396 4708 3676 4784">
    <p class='ocr_par' dir='ltr' id='par_1_109' title="bbox 2396 4708 3676 4784">
     <span class='ocr_line' id='line_1_109' title="bbox 2396 4708 3676 4784; baseline -0.003 -18"><span class='ocrx_word' id='word_1_647' title='bbox 2396 4710 2809 4784; x_wconf 90' lang='lat' dir='ltr'><strong>potentissimo</strong></span> <span class='ocrx_word' id='word_1_648' title='bbox 2838 4708 3281 4764; x_wconf 84' lang='lat' dir='ltr'><strong>subintulerunt</strong></span> <span class='ocrx_word' id='word_1_649' title='bbox 3358 4727 3370 4763; x_wconf 95' lang='lat'><strong>:</strong></span> <span class='ocrx_word' id='word_1_650' title='bbox 3444 4730 3471 4760; x_wconf 68' lang='grc' dir='ltr'><strong><em>α</em></strong></span> <span class='ocrx_word' id='word_1_651' title='bbox 3500 4711 3676 4765; x_wconf 70' lang='lat' dir='ltr'><strong>Cum:</strong></span> 
     </span>
    </p>
   </div>
   <div class='ocr_carea' id='block_1_110' title="bbox 2395 4795 3676 4872">
    <p class='ocr_par' dir='ltr' id='par_1_110' title="bbox 2395 4795 3676 4872">
     <span class='ocr_line' id='line_1_110' title="bbox 2395 4795 3676 4872; baseline -0.004 -18"><span class='ocrx_word' id='word_1_652' title='bbox 2395 4799 2517 4855; x_wconf 78' lang='lat' dir='ltr'><strong>dux</strong></span> <span class='ocrx_word' id='word_1_653' title='bbox 2567 4797 3136 4872; x_wconf 61' lang='lat' dir='ltr'><strong>prrepotentissime,</strong></span> <span class='ocrx_word' id='word_1_654' title='bbox 3195 4795 3465 4852; x_wconf 91' lang='lat' dir='ltr'><strong>omnium</strong></span> <span class='ocrx_word' id='word_1_655' title='bbox 3515 4799 3676 4852; x_wconf 58' lang='lat' dir='ltr'><strong>Frani</strong></span> 
     </span>
    </p>
   </div>
   <div class='ocr_carea' id='block_1_111' title="bbox 2394 4884 3676 4959">
    <p class='ocr_par' dir='ltr' id='par_1_111' title="bbox 2394 4884 3676 4959">
     <span class='ocr_line' id='line_1_111' title="bbox 2394 4884 3676 4959; baseline -0.002 -16"><span class='ocrx_word' id='word_1_656' title='bbox 2394 4888 3083 4959; x_wconf 83' lang='lat' dir='ltr'><strong>Northmannorumquc,</strong></span> <span class='ocrx_word' id='word_1_657' title='bbox 3116 4890 3171 4943; x_wconf 92' lang='lat' dir='ltr'><strong>et</strong></span> <span class='ocrx_word' id='word_1_658' title='bbox 3209 4884 3676 4955; x_wconf 85' lang='lat' dir='ltr'><strong>Burgundionun</strong></span> 
     </span>
    </p>
   </div>
   <div class='ocr_carea' id='block_1_112' title="bbox 2393 4974 3676 5049">
    <p class='ocr_par' dir='ltr' id='par_1_112' title="bbox 2393 4974 3676 5049">
     <span class='ocr_line' id='line_1_112' title="bbox 2393 4974 3676 5049; baseline -0.001 -18"><span class='ocrx_word' id='word_1_659' title='bbox 2393 4993 2509 5049; x_wconf 90' lang='lat' dir='ltr'><strong>que</strong></span> <span class='ocrx_word' id='word_1_660' title='bbox 2538 4992 2861 5046; x_wconf 80' lang='lat' dir='ltr'><strong>regnorum</strong></span> <span class='ocrx_word' id='word_1_661' title='bbox 2891 4974 3122 5044; x_wconf 86' lang='lat' dir='ltr'><strong>sagacis</strong></span> <span class='ocrx_word' id='word_1_662' title='bbox 3150 4974 3542 5031; x_wconf 86' lang='lat' dir='ltr'><strong>meditationis</strong></span> <span class='ocrx_word' id='word_1_663' title='bbox 3568 4992 3676 5030; x_wconf 62' lang='grc' dir='ltr'><strong>θοι-ι</strong></span> 
     </span>
    </p>
   </div>
   <div class='ocr_carea' id='block_1_113' title="bbox 2391 5062 3657 5136">
    <p class='ocr_par' dir='ltr' id='par_1_113' title="bbox 2391 5062 3657 5136">
     <span class='ocr_line' id='line_1_113' title="bbox 2391 5062 3657 5136; baseline -0.003 -15"><span class='ocrx_word' id='word_1_664' title='bbox 2391 5065 2777 5121; x_wconf 89' lang='lat' dir='ltr'><strong>dentissimus</strong></span> <span class='ocrx_word' id='word_1_665' title='bbox 2802 5081 2815 5119; x_wconf 91' lang='lat'><strong>:</strong></span> <span class='ocrx_word' id='word_1_666' title='bbox 2839 5064 3131 5120; x_wconf 87' lang='lat' dir='ltr'><strong>miramur</strong></span> <span class='ocrx_word' id='word_1_667' title='bbox 3162 5062 3487 5120; x_wconf 89' lang='lat' dir='ltr'><strong>admodum</strong></span> <span class='ocrx_word' id='word_1_668' title='bbox 3517 5064 3657 5136; x_wconf 88' lang='lat' dir='ltr'><strong>quin</strong></span> 
     </span>
    </p>
   </div>
   <div class='ocr_carea' id='block_1_114' title="bbox 2392 5148 3676 5226">
    <p class='ocr_par' dir='ltr' id='par_1_114' title="bbox 2392 5148 3676 5226">
     <span class='ocr_line' id='line_1_114' title="bbox 2392 5148 3676 5226; baseline -0.001 -17"><span class='ocrx_word' id='word_1_669' title='bbox 2392 5155 2539 5209; x_wconf 89' lang='lat' dir='ltr'><strong>ceris</strong></span> <span class='ocrx_word' id='word_1_670' title='bbox 2567 5153 2702 5226; x_wconf 90' lang='lat' dir='ltr'><strong>quis</strong></span> <span class='ocrx_word' id='word_1_671' title='bbox 2730 5158 2867 5225; x_wconf 90' lang='lat' dir='ltr'><strong>post</strong></span> <span class='ocrx_word' id='word_1_672' title='bbox 2885 5148 3145 5208; x_wconf 88' lang='lat' dir='ltr'><strong>ﬂebilem</strong></span> <span class='ocrx_word' id='word_1_673' title='bbox 3171 5152 3553 5226; x_wconf 89' lang='lat' dir='ltr'><strong>debitumque</strong></span> <span class='ocrx_word' id='word_1_674' title='bbox 3584 5171 3676 5209; x_wconf 63' lang='grc' dir='ltr'><strong>εχ(</strong></span> 
     </span>
    </p>
   </div>
   <div class='ocr_carea' id='block_1_115' title="bbox 2390 5238 3676 5315">
    <p class='ocr_par' dir='ltr' id='par_1_115' title="bbox 2390 5238 3676 5315">
     <span class='ocr_line' id='line_1_115' title="bbox 2390 5238 3676 5315; baseline -0.001 -17"><span class='ocrx_word' id='word_1_675' title='bbox 2390 5242 2716 5315; x_wconf 72' lang='lat' dir='ltr'><strong>praesentiae</strong></span> <span class='ocrx_word' id='word_1_676' title='bbox 2746 5246 2906 5312; x_wconf 90' lang='lat' dir='ltr'><strong>reget</strong></span> <span class='ocrx_word' id='word_1_677' title='bbox 2926 5241 3219 5315; x_wconf 86' lang='lat' dir='ltr'><strong>populum</strong></span> <span class='ocrx_word' id='word_1_678' title='bbox 3246 5247 3360 5298; x_wconf 80' lang='lat' dir='ltr'><strong>tuae</strong></span> <span class='ocrx_word' id='word_1_679' title='bbox 3382 5238 3581 5297; x_wconf 89' lang='lat' dir='ltr'><strong>ditioni</strong></span> <span class='ocrx_word' id='word_1_680' title='bbox 3606 5259 3676 5314; x_wconf 83' lang='lat' dir='ltr'><strong>po</strong></span> 
     </span>
    </p>
   </div>
   <div class='ocr_carea' id='block_1_116' title="bbox 2388 5329 3675 5401">
    <p class='ocr_par' dir='ltr' id='par_1_116' title="bbox 2388 5329 3675 5401">
     <span class='ocr_line' id='line_1_116' title="bbox 2388 5329 3675 5401; baseline 0 -14"><span class='ocrx_word' id='word_1_681' title='bbox 2388 5331 2572 5387; x_wconf 93' lang='lat' dir='ltr'><strong>modo</strong></span> <span class='ocrx_word' id='word_1_682' title='bbox 2646 5329 2983 5401; x_wconf 90' lang='lat' dir='ltr'><strong>subjectum</strong></span> <span class='ocrx_word' id='word_1_683' title='bbox 3016 5372 3028 5385; x_wconf 92' lang='lat'><strong>.</strong></span> <span class='ocrx_word' id='word_1_684' title='bbox 3112 5330 3438 5385; x_wconf 89' lang='lat' dir='ltr'><strong>Fortuitam</strong></span> <span class='ocrx_word' id='word_1_685' title='bbox 3515 5345 3675 5387; x_wconf 79' lang='lat' dir='ltr'><strong>namc</strong></span> 
     </span>
    </p>
   </div>
   <div class='ocr_carea' id='block_1_117' title="bbox 2387 5418 3676 5490">
    <p class='ocr_par' dir='ltr' id='par_1_117' title="bbox 2387 5418 3676 5490">
     <span class='ocr_line' id='line_1_117' title="bbox 2387 5418 3676 5490; baseline 0 -16"><span class='ocrx_word' id='word_1_686' title='bbox 2387 5418 2722 5475; x_wconf 89' lang='lat' dir='ltr'><strong>detrimenti</strong></span> <span class='ocrx_word' id='word_1_687' title='bbox 2774 5419 3012 5474; x_wconf 89' lang='lat' dir='ltr'><strong>ruinam</strong></span> <span class='ocrx_word' id='word_1_688' title='bbox 3073 5418 3565 5490; x_wconf 87' lang='lat' dir='ltr'><strong>pertimescentes,</strong></span> <span class='ocrx_word' id='word_1_689' title='bbox 3632 5420 3676 5475; x_wconf 82' lang='lat' dir='ltr'><strong>fc</strong></span> 
     </span>
    </p>
   </div>
   <div class='ocr_carea' id='block_1_118' title="bbox 2386 5506 3675 5580">
    <p class='ocr_par' dir='ltr' id='par_1_118' title="bbox 2386 5506 3675 5580">
     <span class='ocr_line' id='line_1_118' title="bbox 2386 5506 3675 5580; baseline 0 -17"><span class='ocrx_word' id='word_1_690' title='bbox 2386 5523 2462 5563; x_wconf 91' lang='lat' dir='ltr'><strong>ne</strong></span> <span class='ocrx_word' id='word_1_691' title='bbox 2509 5513 2642 5580; x_wconf 86' lang='lat' dir='ltr'><strong>post</strong></span> <span class='ocrx_word' id='word_1_692' title='bbox 2698 5507 2950 5577; x_wconf 88' lang='lat' dir='ltr'><strong>lugubre</strong></span> <span class='ocrx_word' id='word_1_693' title='bbox 2991 5506 3383 5579; x_wconf 87' lang='lat' dir='ltr'><strong>depositionis</strong></span> <span class='ocrx_word' id='word_1_694' title='bbox 3432 5511 3539 5562; x_wconf 67' lang='lat' dir='ltr'><strong>ture</strong></span> <span class='ocrx_word' id='word_1_695' title='bbox 3592 5508 3675 5564; x_wconf 30' lang='lat' dir='ltr'><strong>da.</strong></span> 
     </span>
    </p>
   </div>
   <div class='ocr_carea' id='block_1_119' title="bbox 2386 5596 3676 5667">
    <p class='ocr_par' dir='ltr' id='par_1_119' title="bbox 2386 5596 3676 5667">
     <span class='ocr_line' id='line_1_119' title="bbox 2386 5596 3676 5667; baseline 0 -14"><span class='ocrx_word' id='word_1_696' title='bbox 2386 5601 2523 5653; x_wconf 64' lang='lat' dir='ltr'><strong>term</strong></span> <span class='ocrx_word' id='word_1_697' title='bbox 2576 5602 2780 5667; x_wconf 87' lang='lat' dir='ltr'><strong>gentes</strong></span> <span class='ocrx_word' id='word_1_698' title='bbox 2831 5613 2943 5652; x_wconf 94' lang='lat' dir='ltr'><strong>nos</strong></span> <span class='ocrx_word' id='word_1_699' title='bbox 2998 5596 3287 5652; x_wconf 90' lang='lat' dir='ltr'><strong>advocato</strong></span> <span class='ocrx_word' id='word_1_700' title='bbox 3364 5601 3419 5651; x_wconf 88' lang='lat' dir='ltr'><strong>et</strong></span> <span class='ocrx_word' id='word_1_701' title='bbox 3470 5596 3676 5653; x_wconf 66' lang='lat' dir='ltr'><strong>haaredi</strong></span> 
     </span>
    </p>
   </div>
   <div class='ocr_carea' id='block_1_120' title="bbox 2386 5684 3676 5744">
    <p class='ocr_par' dir='ltr' id='par_1_120' title="bbox 2386 5684 3676 5744">
     <span class='ocr_line' id='line_1_120' title="bbox 2386 5684 3676 5744; baseline -0.002 -2"><span class='ocrx_word' id='word_1_702' title='bbox 2386 5687 2736 5744; x_wconf 86' lang='lat' dir='ltr'><strong>conculcent</strong></span> <span class='ocrx_word' id='word_1_703' title='bbox 2761 5726 2775 5739; x_wconf 90' lang='lat'><strong>.</strong></span> <span class='ocrx_word' id='word_1_704' title='bbox 2826 5705 2857 5741; x_wconf 82' lang='grc'>›</span> <span class='ocrx_word' id='word_1_705' title='bbox 2931 5689 3092 5743; x_wconf 87' lang='lat' dir='ltr'><strong>Tunc</strong></span> <span class='ocrx_word' id='word_1_706' title='bbox 3158 5684 3484 5744; x_wconf 81' lang='lat' dir='ltr'><strong>Richardus</strong></span> <span class='ocrx_word' id='word_1_707' title='bbox 3552 5705 3565 5742; x_wconf 88' lang='lat'><strong>:</strong></span> <span class='ocrx_word' id='word_1_708' title='bbox 3646 5712 3676 5740; x_wconf 87' lang='grc'><strong>‹‹</strong></span> 
     </span>
    </p>
   </div>
  </div>
