3980 6358
74 272 176 325 749

747 271 834 323 DE
876 269 1113 325 GESTIS
1150 269 1582 326 NORMANNLE
1622 265 1877 324 DUCUM.
1920 299 1989 309 -—
2029 269 2162 325 LIB.
2209 270 2299 327 111.
2341 271 2762 328 RICHARDUS.

3404 280 3512 333 750

74 409 156 449 cae
184 397 380 448 vestro
412 393 805 448 saluberrimo
838 393 1086 448 consilio
1114 410 1307 466 usque
1340 393 1523 448 modo
1581 408 1731 463 prae-
1764 395 1812 448 Α
1842 392 1888 446 si
1920 393 2065 449 forte
2095 394 2540 451 imminentium
2571 399 2873 452 montium
2905 397 3188 470 proclivis
3237 404 3293 456 et
3350 401 3512 457 colli-

72 483 177 549 fui,
210 488 266 537 et
297 488 361 538 ut
379 482 544 554 quivi
570 482 785 554 profui.
822 487 985 538 Nunc
1020 484 1167 554 quid
1198 485 1279 538 rei
1331 483 1521 552 gratia
1552 481 1730 535 corde

75 571 363 626 statuistis
395 572 540 626 mihi
568 572 894 627 enucleate.
933 595 959 621 ››
984 576 1056 626 At
1087 573 1166 627 illi
1201 591 1212 627 :
1273 595 1300 621 ‹‹
1359 571 1731 626 Providentia

74 677 328 714 summae
350 660 695 720 divinitatis,
731 666 793 715 ut
813 678 1032 727 remur,
1063 662 1218 716 hanc
1241 661 1345 716 tibi
1372 661 1731 728 Dacigcnam

71 766 262 821 quam
292 750 476 804 modo
509 750 739 804 refoves
767 750 1087 804 councxuit
1120 769 1131 804 :
1177 755 1240 804 ut
1295 756 1463 822 patre
1518 755 1735 804 matre-

71 855 190 909 que
242 839 535 907 Dacigena
584 839 772 893 hieres
819 840 1000 908 hujus
1057 845 1221 895 terrae
1279 844 1582 903 nascatur,
1633 838 1739 910 qui

71 928 353 982 defensor
378 934 435 982 et
460 929 788 982 advocatus
821 929 1273 984 robustissimus
1304 934 1492 984 exstet
1533 928 1750 999 hujus.’

73 1021 172 1072 Est
203 1034 469 1089 namque
503 1018 765 1089 superba
797 1020 977 1090 stirpe
1008 1020 1342 1090 progenita,
1399 1019 1593 1090 speoic
1641 1018 1741 1072 de-

72 1123 237 1171 cora,
267 1112 325 1161 et
354 1106 640 1172 formosa,
677 1107 926 1160 consilio
958 1113 1134 1161 cauta
1159 1114 1211 1161 et
1243 1108 1515 1180 provida,
1544 1111 1739 1162 mente

72 1195 314 1256 devota,
351 1196 527 1250 corde
562 1195 832 1254 subacta.
867 1196 1130 1266 alloquio
1161 1197 1454 1263 modesta,
1498 1210 1741 1251 conver-

75 1285 308 1338 satione
347 1291 687 1352 mansueta,
720 1284 777 1337 in
807 1285 972 1338 omni
1027 1301 1087 1338 re
1116 1286 1399 1339 industris
1431 1290 1487 1340 et
1531 1300 1736 1354 sagax.

73 1376 238 1427 lianc
267 1373 368 1427 tibi
398 1373 790 1427 inextricabili
827 1374 1113 1428 maritalis
1143 1374 1383 1428 ftederis
1430 1375 1741 1447 privilegio

70 1463 349 1533 protinus
383 1468 689 1531 connecte,
723 1470 787 1516 ut
814 1464 1120 1518 salutifera
1153 1463 1358 1518 sobole
1388 1464 1520 1534 ejus
1570 1464 1742 1518 tellus

71 1552 158 1606 tui
188 1551 551 1617 ducaminis,
578 1552 926 1606 imminente
953 1559 1232 1607 extrema:
1265 1553 1438 1608 sortis
1467 1558 1580 1608 ture
1612 1552 1741 1607 obi-

72 1644 158 1705 tu,
195 1641 515 1696 salubriter
543 1646 600 1695 et
651 1646 995 1696 constanter
1022 1646 1282 1710 regatur.
1321 1666 1347 1690 ››
1379 1643 1524 1697 Huic
1569 1642 1744 1710 igitur

1843 481 1956 536 bus
1975 482 2227 554 alicujus
2247 489 2429 556 petrie
2448 487 2762 541 materiem
2793 487 3049 559 reperire
3083 488 3365 560 quiveris,
3389 505 3513 562 qua

1842 571 2135 642 templum
2164 573 2265 628 Dei
2298 579 2515 628 nostrae
2574 576 3054 632 conversationis
3101 578 3287 634 domo
3333 580 3511 636 altius

1843 661 2136 715 fabricare
2157 662 2377 718 valeas.
2403 686 2428 711 n
2452 665 2522 718 At
2543 663 2640 719 ille
2665 670 2914 737 accepto
2942 665 3098 721 illico
3123 666 3320 735 ligone
3343 684 3515 724 mon-

1844 746 1995 801 tium
2018 748 2184 819 prius
2205 749 2469 820 procliva
2486 750 2650 817 adiit,
2675 766 3006 824 eorumque
3029 753 3397 824 crepidinem
3428 755 3515 810 di-

1846 837 2009 892 vellit
2035 839 2306 905 sarculis,
2339 844 2519 912 atque
2551 840 2782 895 nullam
2813 847 2995 913 petrae
3024 843 3332 899 materiem
3376 844 3514 900 usui

1849 927 2110 982 materiae
2142 929 2442 1001 reperiens
2475 946 2832 1000 congruam,
2856 933 3022 1004 petiit
3055 933 3285 990 devexa
3337 951 3512 991 mon-

1849 1015 1997 1070 tium
2028 1016 2179 1072 inter
2200 1018 2353 1072 duos
2378 1019 2656 1075 ﬂuviolos
2681 1036 2871 1093 prope
2888 1022 3206 1079 Fiscanum
3227 1024 3512 1096 jacentia,

1847 1104 2050 1177 ibique
2081 1123 2348 1162 massam
2380 1109 2554 1180 gypsi
2591 1110 2834 1179 invenit,
2895 1116 2954 1167 et
3005 1129 3195 1168 unum
3247 1113 3512 1186 lapidem

1850 1210 2145 1266 gypseum
2177 1196 2235 1250 in
2259 1197 2511 1252 modum
2544 1199 2724 1267 cudit,
2750 1201 2967 1256 excidit
2995 1207 3055 1256 et
3081 1207 3216 1258 ante
3270 1204 3513 1259 Richar-

1850 1285 1997 1339 dum
2017 1285 2232 1340 ducem
2264 1287 2492 1343 detulit.
2521 1291 2682 1343 Tunc
2709 1289 2835 1344 dux
2861 1306 3120 1359 magnus
3141 1291 3470 1348 Richardus
3495 1311 3510 1349 :

1851 1390 1880 1417 «
1913 1369 2145 1424 Satisne
2167 1371 2242 1426 de
2273 1371 2493 1426 talibus
2524 1373 2781 1446 reperire
2802 1375 3024 1446 poteris
3046 1377 3072 1430 ?
3092 1398 3120 1425 ››
3149 1377 3508 1448 Respondit:

1853 1477 1880 1510 ‹
1909 1458 2080 1528 Satis,
2105 1460 2420 1514 Domine.»
2445 1461 2628 1516 Atille
2659 1479 2722 1515 τα
2747 1465 2892 1518 Tuto
2909 1463 3065 1519 hanc
3088 1468 3320 1536 petram
3345 1481 3515 1538 repo-

1851 1563 1925 1602 ne
1955 1548 2108 1619 loco,
2141 1554 2198 1604 et
2227 1548 2390 1605 mitte
2413 1551 2900 1624 quamplurimos
2928 1555 3236 1626 operarios
3256 1555 3334 1610 ad
3363 1554 3517 1611 exci-

1851 1637 2082 1691 dendos
2134 1638 2386 1710 lapides,
2435 1641 2775 1713 multasque
2823 1642 3002 1697 calcis
3043 1642 3194 1698 viva
3241 1644 3514 1701 fornaees

73 1729 329 1785 consilio
361 1730 610 1784 libenter
646 1730 767 1784 dux
810 1731 1232 1786 sanctissimus
1285 1731 1613 1786 Richardus
1665 1731 1745 1786 fa-
1779 1750 1817 1804 Β
1852 1729 2660 1800 compone:quia,omnibus
2679 1747 2815 1802 qua:
2837 1733 3179 1790 necessaria
3202 1739 3342 1790 sunt
3361 1751 3514 1808 prm-

72 1835 247 1885 vens,
282 1820 484 1873 ascitis
512 1820 815 1890 episcopis
837 1836 975 1874 cum
1009 1821 1166 1875 clero
1199 1820 1573 1892 satrapisque
1604 1835 1743 1875 cum
1852 1818 2098 1888 paratis,
2127 1817 2303 1873 istam
2330 1819 2390 1873 in
2415 1819 2582 1875 initio
2610 1820 3060 1878 fundamentiin
3078 1823 3246 1880 titulo
3275 1825 3517 1888 erectio-

73 1908 328 1980 populo,
360 1923 498 1963 eam
527 1908 656 1977 lege
688 1909 940 1963 maritali
973 1908 1382 1981 desponsavit,
1437 1916 1494 1964 et
1545 1925 1617 1964 ex
1675 1924 1745 1964 ea

73 2011 372 2068 processu
401 1996 690 2068 temporis
714 1997 983 2068 quinque
1015 1997 1365 2052 masculina:
1412 1997 1596 2070 prolis
1663 1997 1747 2070 pi—

75 2099 292 2154 gnora,
353 2085 748 2157 femineaequ
801 2086 1003 2155 genuit
1054 2086 1184 2141 tria.
1242 2090 1347 2141 Per
1376 2088 1503 2142 vias
1569 2087 1748 2155 igitur

76 2190 338 2246 operum
368 2179 560 2230 rectas
593 2175 997 2243 gradiebatur,
1043 2176 1337 2248 justisque
1379 2176 1582 2246 legum
1638 2178 1746 2231 ha-

76 2263 256 2318 benis
287 2262 529 2335 plebem
563 2267 800 2318 strenue
825 2263 1089 2332 regebat.
1125 2264 1607 2319 Northmannicae
1654 2279 1746 2319 re-

78 2352 279 2421 gionis
300 2352 580 2407 ecclesias
605 2356 853 2423 sumptu
885 2352 1254 2408 reaedificans
1301 2354 1564 2425 proprio,
1625 2368 1751 2408 mo—

77 2442 324 2497 nasticis
388 2442 576 2495 rebus
630 2441 962 2510 adornavit,
1016 2442 1399 2514 plurimaque
1455 2443 1748 2498 Francicee

78 2531 310 2586 telluris
344 2531 570 2602 templa
597 2531 841 2585 mirifice
874 2532 1204 2586 construxit
1233 2533 1457 2604 proprii
1484 2533 1750 2588 muneris

78 2621 388 2676 thesauro.
433 2620 898 2688 Rothomagensi
957 2636 1220 2692 namque
1247 2621 1394 2675 urbe
1435 2622 1497 2676 in
1522 2623 1750 2676 honore

81 2709 393 2765 Genitricis
454 2709 551 2764 Dei
604 2709 915 2780 ampliavit
961 2710 1230 2764 mirabile
1294 2711 1747 2777 monasterium,

81 2799 500 2868 longitudinis,
533 2798 1004 2870 latitudinisque,
1039 2803 1217 2870 atque
1269 2800 1594 2855 altitudinis
1647 2801 1750 2855 ho-

83 2889 334 2944 noriﬁce
362 2887 766 2959 exspatiatum
796 2887 1185 2942 incremento.
1217 2893 1279 2942 In
1328 2893 1530 2944 monte
1581 2904 1750 2943 nam-

82 2994 201 3050 que
231 2977 558 3042 maritimo,
592 2977 794 3032 reﬂuze
824 2975 1018 3053 lunari
1048 2978 1435 3050 dispositione
1492 2979 1750 3034 inunda-

83 3067 265 3121 tionis
284 3066 515 3136 gurgite
534 3066 800 3138 undique
831 3082 1004 3120 secus
1024 3067 1412 3132 circumdato,
1432 3068 1751 3122 delubrum

82 3156 251 3210 mira:
287 3155 718 3226 amplitudinis,
751 3155 1136 3226 spatiosaque
1170 3156 1522 3210 monachilis
1581 3157 1752 3211 habi-

85 3242 326 3298 tationis
359 3242 582 3297 mmnia
609 3243 939 3297 construxit
967 3265 979 3298 :
1014 3243 1216 3314 ibique
1248 3245 1579 3299 monachos
1640 3245 1753 3299 sub

81 3346 432 3386 aerumnosa
464 3332 736 3386 theoricae
768 3331 902 3386 vitae
934 3332 1231 3402 palaestra,
1258 3334 1633 3388 normalibus
1665 3351 1754 3389 ce-

85 3419 269 3475 lebris
296 3419 521 3474 itineris
551 3419 803 3474 decretis
835 3419 1132 3487 astrictos,
1168 3419 1396 3474 Christo
1430 3420 1623 3488 coegit
1675 3420 1756 3473 fa-

85 3509 331 3565 mulari.
366 3511 516 3565 Cum
570 3515 771 3564 autem
823 3509 1364 3564 innumerabilibus
1419 3510 1755 3564 exuberan-

89 3599 240 3654 tium
262 3599 602 3654 bonitatum
629 3598 875 3670 polleret
906 3599 1309 3666 incrementis,
1345 3599 1613 3670 quadam
1663 3598 1757 3652 die

89 3687 462 3743 Fiscanninae
497 3687 654 3741 sedis
704 3703 1033 3755 aggrossus
1059 3687 1302 3753 mmnia,
1355 3692 1645 3758 stansque
1697 3687 1758 3740 in

87 3777 370 3833 introitus
399 3776 618 3830 domus
651 3793 774 3830 suae.
808 3781 1111 3846 suggestu,
1163 3780 1343 3846 atque
1398 3776 1592 3847 ipsam
1649 3776 1758 3829 do—

86 3882 264 3921 mum
291 3865 564 3920 altiorem
596 3865 1092 3937 capacioremque
1124 3864 1372 3919 basilica
1416 3865 1476 3918 in
1533 3865 1759 3918 honore

87 3957 323 4012 deificaa
355 3956 649 4012 Trinitatis
676 3956 949 4011 dedicata
974 3955 1347 4027 conspiciens
1383 3973 1394 4022 ;
1449 3956 1636 4010 ascito
1661 3969 1761 4026 pe-

90 4051 325 4101 trarum
370 4045 542 4100 fabro
605 4045 1017 4100 architectoria
1075 4048 1197 4099 arte
1249 4043 1460 4115 perito,
1516 4043 1756 4115 inquit:

92 4136 414 4191 «Domum
462 4135 560 4190 Dei
611 4139 668 4189 et
722 4134 1009 4190 orationis
1067 4134 1429 4206 superlativo
1484 4133 1761 4206 specialis

87 4223 557 4296 pulchritudinis
578 4224 933 4295 decorasque
963 4223 1292 4278 altitudinis
1326 4223 1606 4285 culmine,
1668 4239 1763 4277 su-

87 4308 658 4380 pereminentiorem
689 4309 978 4363 universis
1004 4307 1306 4362 moenibus
1364 4307 1613 4362 civitatis
1657 4307 1761 4362 de-

88 4403 181 4454 cet
205 4403 268 4454 et
291 4402 526 4470 oportet
553 4414 702 4464 esse,
735 4399 878 4470 quia
909 4398 1235 4452 Plasmator
1281 4397 1760 4469 Redemptorque

87 4489 331 4558 generis
360 4488 610 4542 humani
635 4487 892 4557 gratuita
923 4489 1080 4542 hanc
1112 4487 1223 4541 s1bi
1247 4486 1465 4555 delegit
1505 4487 1759 4541 clemen-

87 4579 189 4646 tia,
219 4577 516 4649 miraeque
547 4577 1015 4645 regenerationis
1045 4581 1236 4632 mater
1265 4576 1479 4648 typiezB
1510 4575 1762 4631 ablutio-

84 4667 182 4722 nis
212 4667 464 4722 lavacro
496 4670 708 4737 exstat,
741 4671 919 4738 atque
950 4666 1012 4720 in
1051 4667 1164 4721 hac
1219 4666 1438 4721 divinae
1488 4665 1764 4720 eruditio-

89 4758 184 4812 nis
217 4755 431 4813 audire
461 4757 668 4817 verba.
692 4761 1018 4827 nostraque
1049 4754 1593 4811 deﬂere'debemus
1628 4771 1763 4827 pec-

91 4853 251 4904 cata.
293 4849 426 4901 Haec
456 4862 721 4918 namque
755 4845 892 4901 aula
922 4851 1095 4917 porta
1126 4846 1256 4900 cmli
1297 4851 1681 4917 nuncupatur
1709 4847 1766 4900 et

90 4941 202 5004 est,
235 4950 425 5008 quam
458 4935 745 5006 incolunt,
780 4935 995 5006 cuique
1022 4940 1290 5006 praesunt
1316 4934 1763 4990 coalicolaeﬁzec

89 5026 323 5080 domus
355 5039 639 5095 namque,
690 5024 1200 5095 Psalmograplms
1253 5024 1352 5091 ait,
1415 5039 1590 5077 mons
1642 5023 1762 5092 Dei,

89 5131 279 5171 mons
305 5113 571 5188 pinguis,
599 5129 776 5168 mons
806 5115 866 5168 in
897 5130 1019 5185 quo
1048 5113 1199 5167 bene
1223 5112 1510 5184 placitum
1543 5118 1631 5169 est
1649 5117 1765 5168 Deo

88 5203 374 5259 habitare
395 5202 456 5256 in
478 5217 549 5257 eo
569 5220 581 5256 :
601 5203 820 5258 etenim
846 5202 1131 5257 Dominus
1154 5201 1448 5256 habitabit
1477 5201 1535 5256 in
1558 5202 1762 5257 ﬁnem.

89 5293 200 5347 Hic
227 5305 499 5362 namque
525 5306 702 5346 mons
732 5296 821 5346 est
849 5291 911 5346 in
936 5281 1059 5362 quo
1086 5306 1257 5345 mens
1285 5305 1434 5346 avus
1496 5306 1556 5345 se
1612 5295 1768 5346 stan—

90 5386 241 5448 tem,
280 5395 467 5452 seque
511 5380 675 5435 ablui
706 5383 908 5435 monte
943 5379 1246 5434 salutifero
1275 5379 1493 5435 divinae
1521 5379 1768 5435 visionis

90 5469 349 5526 oraculo
378 5470 687 5540 conspicit,
707 5475 761 5524 et
789 5485 826 5524 a
855 5469 1023 5540 lepra
1040 5469 1314 5524 vitiorum
1334 5484 1456 5541 qua
1481 5469 1767 5525 infectum

90 5575 156 5614 se
171 5558 421 5614 somnio
444 5559 724 5613 cernebat
745 5557 991 5629 expiari.
1015 5561 1391 5630 Quapropter
1406 5558 1548 5630 quia
1565 5559 1768 5614 altiore

91 5647 416 5720 amplioris
446 5647 728 5702 culminis
764 5647 1090 5716 schemate,
1111 5648 1364 5702 domum
1408 5647 1508 5702 Dei
1560 5647 1770 5702 domui

91 5743 326 5796 nostrae
355 5736 741 5794 habitationis
765 5737 1101 5809 praecellere
1125 5738 1413 5794 condecet
1441 5756 1454 5805 ;
1499 5737 1766 5809 experire

1792 4451 1836 4505 D

1853 1905 1945 1959 nis
1976 1906 2196 1960 domus
2222 1906 2323 1961 Dei
2354 1908 2616 1979 primam
2638 1908 2874 1966 locabo.
2897 1928 2925 1962 ›
2953 1912 3215 1984 Denique
3246 1913 3516 1970 marchio

1852 1993 2321 2064 famosissimus,
2345 2001 2682 2068 praeparata
2703 1997 2881 2064 calce,
2901 1999 3204 2072 petrisque
3219 2001 3432 2056 excisis
3461 2004 3518 2056 et

1855 2085 2240 2150 coacervatis,
2269 2090 2448 2159 atque
2477 2085 2764 2142 lateribus
2786 2087 3164 2144 artiﬁcialiter
3215 2090 3516 2164 composi-

1857 2173 1946 2237 tis,
1976 2172 2136 2228 dictu
2167 2172 2416 2246 visuque
2446 2174 2739 2244 mirabile,
2770 2174 2904 2232 miri
2948 2177 3266 2234 schematis
3324 2179 3519 2234 forma

1857 2262 2186 2317 construxit
2209 2262 2268 2317 in
2299 2265 2524 2320 honore
2558 2269 2781 2321 sanctae
2830 2265 3121 2322 Trinitatis
3174 2266 3516 2340 delubrum,

1858 2351 2119 2406 turribus
2149 2351 2288 2406 hinc
2336 2351 2476 2408 inde
2534 2357 2591 2408 et
2628 2352 2979 2410 altrinsecus
3034 2353 3514 2428 praebalteatum,

1857 2439 2290 2513 dupliciterque
2315 2445 2630 2497 arcuatum
2661 2443 3030 2511 mirabiliter,
3064 2449 3122 2500 et
3151 2444 3224 2500 de
3252 2450 3518 2502 concate-

1857 2530 2010 2584 natis
2042 2529 2359 2585 artificiose
2386 2531 2670 2586 lateribus
2693 2538 3061 2604 coopertum.
3096 2533 3238 2588 Hinc
3276 2533 3519 2590 forinse-

1859 2635 1965 2673 cus
1996 2618 2300 2674 dealbavit
2325 2620 2490 2684 illud,
2512 2619 2866 2676 intrinsecus
2895 2625 3096 2676 autem
3114 2621 3382 2694 depinxit
3402 2623 3518 2677 liis-

1859 2707 2159 2776 torialiter,
2194 2722 2461 2780 auroque
2489 2712 2543 2763 et
2566 2709 2820 2775 gemmis
2845 2724 3069 2780 magno
3109 2726 3360 2766 munere
3417 2726 3516 2766 ac-

1859 2796 2092 2867 quisitis
2124 2795 2332 2852 altaria
2357 2797 2680 2868 decoravit,
2709 2814 3034 2870 crucesque
3064 2799 3227 2855 mirae
3286 2799 3520 2870 magni-

1859 2884 2082 2939 tudinis
2110 2901 2182 2938 ex
2205 2899 2352 2940 auro
2384 2884 2784 2941 mundissimo
2812 2885 3145 2956 fabricavit,
3189 2886 3523 2960 calicesque

1860 2975 2066 3042 magni
2099 2975 2382 3047 ponderis
2415 2976 2544 3030 auri
2577 2980 2633 3030 et
2661 2975 2833 3048 pretii
2863 2976 3168 3047 annexuit,
3215 2993 3522 3051 aureaque

1813 3104 1824 3114 .
1862 3065 2229 3120 candelabra
2272 3065 2607 3120 humanam
2664 3070 2944 3121 naturam
2995 3066 3526 3138 superexcellentia

1861 3158 1997 3208 ante
2020 3153 2426 3209 sanctuarium
2458 3153 2658 3209 statuit
2692 3171 2703 3207 ς
2751 3153 3174 3228 thuribulaque
3233 3153 3518 3211 inauditae

1863 3241 2274 3313 amplitudinis
2302 3247 2357 3296 et
2377 3243 2547 3313 pretii
2578 3259 2725 3297 auro
2751 3243 3022 3298 confecta
3060 3243 3380 3316 delegavit,
3443 3249 3526 3300 at-

1862 3347 1979 3402 que
2010 3331 2364 3385 indumenta
2392 3331 2650 3403 phrygio
2680 3332 2912 3404 pectine
2932 3332 3140 3405 polita,
3174 3350 3283 3389 nec
3342 3333 3527 3390 semel

1864 3421 1923 3475 in
1957 3419 2160 3491 Tyrios
2187 3420 2436 3475 rubores
2493 3421 2782 3476 decocta:
2847 3421 2951 3494 qui
2999 3423 3178 3478 etiam
3238 3425 3528 3480 crassiore

1865 3525 2011 3565 auro
2045 3508 2565 3581 smaragdinisque
2594 3509 3007 3581 superinsutas
3035 3511 3334 3584 apposuit,
3387 3511 3531 3585 bys-

1867 3613 2087 3670 sosque
2119 3597 2324 3652 niveas
2355 3613 2808 3669 purpureasque
2865 3614 3013 3654 auro
3069 3598 3345 3669 intextas,
3399 3599 3530 3673 plu-

1869 3702 2124 3759 meoque
2154 3685 2444 3740 mirabilis
2473 3683 2703 3740 artiﬁcii
2728 3685 3062 3742 holoserica
3085 3689 3384 3745 commisit
3409 3710 3422 3754 ς
3449 3696 3532 3746 at-

1869 3793 1986 3849 que
2010 3777 2236 3831 clerum
2268 3791 2602 3830 numerosae
2633 3774 3034 3831 multitudinis
3064 3793 3372 3851 propensa
3401 3779 3530 3834 dia-

1868 3867 1956 3921 ria
1996 3864 2262 3937 quotidie
2319 3863 2724 3936 recipientem,
2780 3863 3015 3938 subque
3064 3868 3340 3940 praeﬁcae
3397 3868 3532 3925 vita;

1871 3955 2149 4028 palaestra
2178 3953 2578 4008 desudantem
2613 3953 2839 4010 Christo
2860 3953 3157 4011 deservire
3185 3956 3394 4028 coegit.
3428 3957 3532 4014 Illo

1872 4058 2139 4114 namque
2169 4041 2391 4113 templo
2418 4041 2890 4097 monasticarum
2913 4042 3264 4098 facultatum
3296 4044 3534 4100 uberta-

1873 4132 1944 4187 tis
1971 4129 2278 4186 afﬂuentia
2332 4129 2558 4200 repleto
2603 4145 2797 4203 eoque
2853 4130 3267 4187 benedictione
3309 4131 3536 4204 episco-

1873 4219 1994 4292 pali
2023 4218 2458 4274 ofﬁciosissime
2486 4217 2784 4284 dedicato,
2807 4219 3279 4275 Northmannica
3304 4217 3535 4275 Franci~

1874 4323 2064 4380 caque
2085 4306 2289 4362 tellure
2313 4305 2471 4373 sitas,
2501 4306 2746 4378 proprio
2777 4312 3026 4379 sumptu
3057 4307 3362 4363 reﬁciebat
3400 4321 3533 4362 om-

1875 4412 1982 4452 nes
2034 4397 2340 4466 disruptas
2393 4395 2698 4450 ecclesias.
2763 4395 3127 4451 Mirabilibus
3179 4395 3538 4452 ooruscabat

1875 4486 2063 4552 factis,
2110 4484 2291 4555 justis
2346 4489 2404 4539 et
2459 4483 2681 4546 bonis;
2740 4483 3024 4556 famaque
3060 4485 3376 4558 probitatis
3404 4485 3534 4556 ejus

1871 4575 2216 4649 longinquis
2272 4573 2618 4643 regionibus
2687 4572 2994 4644 profusius
3061 4573 3531 4629 diffundebatur.

1876 4665 2112 4737 Species
2140 4664 2269 4734 ejus
2288 4661 2565 4717 redimita
2597 4661 2814 4717 decore
2845 4661 3219 4717 admirandae
3277 4662 3536 4734 pulchri-

1872 4754 2116 4823 tudinis,
2143 4751 2436 4807 fundebat
2456 4751 2639 4821 jubar
2670 4751 2748 4806 ab
2777 4765 2900 4820 ore,
2924 4751 3103 4823 quasi
3123 4750 3332 4806 solaris
3357 4751 3534 4808 clari-

1874 4843 2115 4900 tudinis.
2145 4845 2277 4898 Erat
2303 4841 2355 4896 ei
2387 4855 2667 4895 summus
2699 4841 2912 4907 honor,
2945 4856 3068 4912 quo
3120 4855 3343 4895 nomen
3397 4840 3533 4910 ejus

1875 4932 2253 5002 audiebatur,
2277 4935 2520 5002 totaque
2542 4929 2726 4985 Gallia
2757 4928 3174 4985 admirabatur
3205 4945 3385 5002 super
3421 4929 3538 4984 lar-

1874 5023 2058 5093 giﬂua
2086 5021 2350 5077 bonitate
2378 5020 2527 5090 ejus.
2561 5022 2777 5073 Amore
2807 5018 3040 5090 pietatis
3080 5016 3270 5074 cultor
3291 5017 3535 5089 justitiaa

1876 5117 2154 5168 strenuus
2183 5109 2495 5177 renitebat,
2513 5113 2988 5180 cunctorumque
3012 5123 3226 5164 causas
3249 5108 3405 5164 intra
3426 5122 3537 5164 sua

1872 5205 2115 5274 pectora
2145 5198 2432 5254 sollicitus
2460 5197 2846 5265 recondebat,
2877 5201 3055 5269 atque
3079 5213 3191 5270 pro
3219 5197 3432 5270 populi
3450 5213 3538 5254 re-

1874 5291 2012 5364 quie
2037 5290 2137 5362 pia
2157 5290 2296 5359 jura
2325 5287 2583 5344 tenebat.
2619 5287 2821 5358 Specie
2851 5287 3311 5359 pulcherrimus,
3368 5288 3536 5344 canis

1874 5377 2274 5453 praecandidis
2295 5376 2575 5448 repletus,
2601 5375 2930 5447 superciliis
2957 5376 3204 5448 acieque
3218 5375 3536 5433 oculorum

1877 5484 2182 5534 coruscus,
2212 5464 2460 5521 naribus
2488 5463 2784 5535 malisque
2815 5463 3187 5537 splendidus,
3217 5464 3414 5521 barba
3443 5481 3540 5522 ca-

1875 5559 2064 5613 nifera
2088 5561 2144 5611 et
2169 5554 2404 5628 prolixa
2433 5554 2781 5620 honoratus,
2811 5557 3036 5610 statura
3061 5570 3369 5627 procerus,
3421 5554 3536 5610 lin-

1877 5664 1997 5720 gua
2025 5645 2311 5710 eruditus,
2338 5642 2554 5699 virtute
2582 5642 2767 5698 animi
2791 5647 2848 5699 et
2870 5644 3138 5717 corporis
3163 5644 3401 5717 plenus,
3432 5644 3540 5700 bo-

1877 5736 2058 5794 nitate
2085 5734 2361 5802 diffusus,
2416 5737 2616 5790 mente
2677 5732 3128 5802 sagacissimus,
3190 5732 3380 5802 gratia
3433 5733 3536 5786 Dei
