3878 6376
546 283 647 339 751
1515 279 1815 336 DUDONIS
1866 276 2119 334 DECANI
2158 275 2212 329 S.
2254 274 2559 340 QUINTINI
2598 279 2983 335 VIROMAND.
3782 290 3817 337 75

546 406 816 481 munitus
840 405 1242 483 omnibusque
1263 406 1387 459 erat
1415 417 1538 458 una
1560 402 1739 457 salus.
1758 401 1995 457 Amicos
2016 416 2186 455 nam-
2216 410 2265 461 Α
2293 399 2409 455 ritu
2438 400 2656 470 delegit
2695 418 2821 457 esse
2864 419 3118 473 regnum
3171 403 3478 474 caelorum,
3529 406 3782 463 credimus
3813 425 3822 461 t

546 512 664 569 que
697 494 952 568 erigens,
984 494 1245 549 tumidos
1274 491 1544 547 calcabat
1594 492 1815 559 hostes,
1867 490 2190 561 subjectos-
2295 489 2664 547 attributum.
2727 493 3043 564 Sequentia
3093 492 3394 563 Evangelii
3440 493 3708 567 depromit
3743 514 3821 568 quo

545 598 664 655 que
695 584 921 649 fovens,
952 581 1297 638 conterebat
1316 580 1470 635 feros
1496 585 1549 635 et
1570 578 1837 643 rebelles,
1866 582 2189 649 tempestas
2297 578 2565 649 sequitur
2595 596 2608 633 :
2644 600 2673 632 ‹
2706 581 2863 635 Beati
2919 582 3111 648 mites,
3167 582 3458 654 quoniam
3500 583 3605 657 ipsi
3656 589 3822 658 possid.

543 673 644 726 irae
670 670 761 727 vel
782 670 1093 725 discordiae
1122 668 1288 724 nullo
1309 667 1696 723 dissensionis
1727 666 1983 722 tumultu
2011 680 2189 737 pene-
2292 665 2445 722 bunt
2474 672 2711 723 terram.
2750 692 2775 717 ››
2810 671 3001 734 Quam
3026 671 3249 741 suavis,
3293 687 3476 743 quam
3522 673 3687 743 mitis,
3728 691 3822 747 qua:

542 759 739 815 trabat
768 760 950 815 corda
1002 760 1170 829 ejus;
1219 757 1361 829 quia
1409 757 1469 811 in
1524 755 1823 811 salutifera
1874 754 2187 810 stabilitate
2293 755 2625 825 benivolus,
2654 774 2961 829 quamque
2982 758 3620 827 benignissimusfuerit
3638 764 3729 836 qui
3750 780 3822 818 con

537 847 776 918 justitia:
808 853 864 903 et
882 847 1111 918 judicii,
1144 846 1561 917 cliaritatisque
1594 844 1739 916 spei,
1790 849 1847 899 et
1893 843 2032 899 ﬁdei
2084 858 2188 897 an-
2292 844 2645 915 pendiosam
2678 845 2807 900 vitae
2835 846 2966 916 ejus
2999 846 3212 901 seriem
3252 847 3470 916 legerit,
3522 848 3733 922 aliquid
3774 870 3817 905 su

542 934 725 990 chora
750 934 1147 1005 sagacissimus
1176 932 1389 988 mentis
1432 930 1551 986 ﬁxa
1594 931 1799 986 aderat
1853 930 1952 985 illi.
2005 931 2186 984 Cons-
2291 931 2484 986 vitatis
2524 933 2652 1003 ejus
2700 948 3051 1003 pernoscere
3120 935 3392 1007 quiverit.
3444 936 3537 992 Hic
3577 939 3821 995 Tetboldu

542 1028 769 1079 tantem
798 1024 926 1093 ejus
949 1022 1218 1078 animum
1262 1037 1415 1076 aura
1467 1020 1622 1075 illius
1677 1019 2059 1099 adversitatis
2100 1024 2187 1073 tu-
2293 1021 2569 1076 comitem
2603 1022 2930 1093 aliquando
2982 1022 3319 1089 devotione,
3377 1023 3684 1097 aliquando
3734 1045 3822 1084 am

546 1112 744 1168 multu
774 1128 897 1168 non
918 1111 1261 1178 ventilabat,
1292 1125 1401 1165 nec
1432 1109 1505 1164 de
1555 1109 1863 1165 multiﬂute
1905 1109 2187 1181 copiosas-
2292 1110 2675 1181 compescuit.
2714 1110 2810 1164 Hic
2844 1112 3185 1166 Lotharium
3216 1127 3419 1181 regem
3447 1113 3755 1172 humilitate
3799 1118 3822 1171 d

542 1217 660 1273 que
706 1200 1108 1274 prosperitatis
1163 1199 1429 1255 ubertate
1484 1200 1754 1253 animum
1805 1196 2181 1253 subtollebat.
2290 1197 2449 1252 vicit.
2485 1198 2586 1252 Hic
2620 1201 2808 1253 Dacos
2841 1199 3128 1255 suavitate
3155 1200 3472 1256 verborum
3491 1205 3543 1257 et
3566 1202 3734 1259 donis
3762 1222 3822 1259 co

544 1292 691 1347 Cum
722 1294 921 1346 autem
947 1290 1009 1344 in
1036 1305 1221 1357 regno
1254 1305 1363 1343 suo
1388 1288 1617 1343 variato
1649 1303 1957 1342 murmure
1994 1285 2187 1359 pullu-
2294 1286 2429 1340 cuit.
2466 1287 2563 1341 Hic
2609 1290 2862 1342 Francos
2918 1292 3281 1360 caaterasque
3341 1294 3535 1359 gentes
3580 1291 3822 1348 humillin

537 1378 745 1436 labant
774 1380 986 1452 aliqua:
1020 1378 1321 1433 seditionis
1346 1394 1564 1445 causae,
1593 1377 1839 1432 sedebat
1861 1393 1961 1432 eas
1988 1376 2186 1431 decre-
2291 1374 2490 1428 verbis
2518 1379 2573 1429 et
2600 1375 2949 1430 muneribus
2992 1376 3103 1431 sibi
3161 1392 3494 1448 provocans
3543 1380 3759 1437 ascivit.
3807 1383 3822 1434 Ι

538 1467 610 1524 tis
639 1467 840 1538 legum
882 1472 938 1523 et
986 1467 1285 1522 salutifera
1338 1470 1645 1538 potestate.
1708 1466 1864 1520 Illius
1921 1480 2184 1535 namque
2291 1462 2515 1517 incolas
2546 1464 3021 1518 Northmannicae
3052 1464 3310 1533 regionis
3341 1482 3570 1522 summa
3614 1469 3821 1525 devotic

537 1556 685 1612 ﬁdes
716 1562 837 1611 tam
858 1556 1058 1611 valida
1088 1555 1346 1611 veritatis
1374 1555 1572 1611 radice
1599 1554 1928 1625 tenebatur,
1976 1557 2040 1608 ut
2085 1569 2184 1608 an-
2292 1552 2560 1623 protexit.
2590 1552 2691 1606 Hic
2722 1552 3099 1622 domigenas,
3126 1557 3191 1608 ut
3238 1558 3408 1625 pater
3460 1555 3710 1615 familias
3754 1560 3821 1616 de

537 1649 631 1701 tea
658 1660 833 1701 mons
862 1645 1139 1700 deﬁceret
1170 1648 1272 1699 aut
1298 1644 1598 1713 migraret,
1630 1660 1814 1715 quam
1847 1659 1958 1697 sua
2001 1642 2184 1696 verba
2292 1645 2407 1707 tus,
2442 1640 2601 1695 fovit.
2632 1641 2943 1696 Benivolus
2967 1642 3027 1696 in
3058 1642 3223 1697 omni
3245 1643 3482 1713 negotio
3509 1646 3746 1716 exstitit,
3794 1668 3816 1703 s

536 1735 831 1791 caderent.
857 1737 966 1790 Res
996 1736 1073 1790 ab
1122 1751 1193 1790 eo
1238 1734 1548 1806 promissae
1605 1733 1769 1788 nullo
1822 1732 2183 1788 mulctandte
2222 1754 2261 1807 Β
2290 1727 2383 1781 via
2413 1727 2472 1781 in
2502 1727 2666 1783 omni
2698 1745 2758 1783 re
2813 1728 2998 1783 verba
3056 1733 3112 1783 et
3184 1746 3364 1802 Opere
3431 1732 3640 1790 sonuit.
3695 1739 3820 1792 Terr

535 1828 691 1892 actu,
717 1840 873 1880 verte
921 1822 1428 1896 perseverabant;
1478 1826 1657 1893 atque
1714 1820 2050 1893 pollicitataa
2096 1836 2181 1874 se-
2291 1832 2553 1888 namque
2583 1818 2905 1873 viventium
2934 1818 3240 1889 possidere
3269 1819 3499 1892 meruit,
3537 1822 3643 1894 qui
3665 1840 3822 1898 corp<

532 1912 669 1980 mel,
700 1916 1061 1985 perpetuatae
1089 1911 1436 1967 manebant.
2290 1907 2379 1961 sui
2410 1912 2627 1962 terram
2653 1912 2971 1963 mansueta
3017 1906 3385 1977 benignitate
3439 1911 3774 1971 custodivit.

2286 1995 2486 2066 quitur
2512 1996 2679 2051 tertia
2704 1995 3030 2061 beatitudo,
3076 2012 3200 2067 qua
3254 1996 3507 2052 dicitur:
3535 2021 3560 2047 α
3613 2001 3784 2059 Beati

2284 2082 2508 2154 lugent,
2539 2084 2826 2155 quoniam
2873 2084 2984 2155 ipsi
3039 2085 3522 2142 consolabuntur.
3558 2109 3585 2135 »
3639 2092 3821 2156 Quon1

2284 2171 2527 2242 quidem
2557 2171 2721 2225 dives
2753 2188 2937 2243 opum
2965 2188 3428 2245 munerumque,
3460 2179 3511 2230 et
3532 2176 3799 2236 militum

2282 2276 2399 2331 que
2427 2259 2805 2314 familiarium
2839 2262 3141 2315 exstiterat
3175 2280 3187 2327 ;
3221 2262 3359 2317 ideo
3392 2278 3451 2317 se
3478 2262 3822 2337 implicatur

2280 2347 2567 2402 irretitum
2628 2348 3014 2402 saecularibus
3072 2349 3324 2417 negotiis
3368 2350 3630 2420 lugebat.
3680 2359 3821 2428 Lugi

2280 2452 2542 2507 namque
2575 2436 2896 2506 pravitates
2922 2438 3379 2506 monachorum,
3411 2455 3563 2511 quos
3588 2442 3813 2501 devius

2280 2540 2398 2588 ror,
2422 2524 2622 2579 relicto
2651 2524 2849 2579 stricto
2883 2525 3049 2593 calle,
3108 2525 3450 2583 abducebat
3496 2528 3822 2604 deceptricf

1169 2053 1199 2089 Α
1210 2050 1553 2091 POSTROPBA.

535 2143 724 2213 Hujus
747 2140 977 2214 patricii
1005 2139 1317 2195 cumulum
1347 2138 1629 2194 bonitatis
1659 2153 1963 2194 enormen.

745 2233 966 2285 Prtesut
985 2227 1246 2284 amande
1273 2227 1460 2281 vides.

532 2319 821 2392 Symbola
848 2318 953 2391 qui
980 2317 1194 2373 merito
1223 2316 1429 2372 crescit
1458 2315 1738 2371 bonitatis
1770 2316 1828 2371 in
1860 2321 1990 2372 octo

744 2406 963 2463 Prmqu
991 2423 1084 2461 διν
1099 2405 1253 2461 aude
1284 2404 1467 2459 vides.

533 2496 723 2553 Viduo
746 2496 838 2551 bis
869 2494 1070 2551 scribit
1114 2511 1248 2567 quae
1274 2492 1649 2562 Evangelista
1676 2492 1864 2548 beatis

740 2589 781 2642 Ρ
784 2586 958 2641 Γέθευ]
984 2585 1241 2683 δωδςηίλθ
1272 2582 1462 2681 “(1.95:
1673 2671 1683 2680 ,
1824 2671 1834 2681 ,
1910 2670 1919 2680 ,
2279 2612 2532 2667 fallentis
2558 2613 2768 2667 mundi
2802 2614 2979 2668 rebus
3010 2615 3067 2669 in
3106 2615 3467 2671 exsecrabile
3513 2582 3821 2695 prmgipiﬁ

528 2678 789 2749 Quaque
821 2681 957 2731 mus
989 2679 1217 2745 30mm“
1246 2671 1414 2728 facns
1444 2669 1712 2743 Implewt
1739 2687 1956 2743 Oplmls
2281 2701 2545 2755 Lugebat
2574 2717 2799 2755 errores
2821 2704 3250 2755 canonicorum
3294 2721 3330 2755 a
3384 2709 3750 2755 monastinic
3812 2730 3821 2755 ι

734 2701 789 2731 λδ
824 2701 957 2731 “ws
989 2701 1216 2745 3”“‘W'
1246 2701 1414 2770 "’“f‘”
1444 2701 1712 2743 ““l’mm
1739 2701 1956 2743 “imm”
2281 2701 2545 2769 Lugebat
2574 2717 2799 2756 errores
2821 2704 3250 2758 canonicorum
3294 2721 3330 2759 a
3384 2709 3750 2765 monasticis
3812 2730 3822 2785 ]

734 2763 954 2819 Prtesul
980 2761 1239 2818 amande
1269 2760 1458 2814 vides.
2282 2788 2651 2819 “nﬁnnnnm
2721 2790 3119 2819 ,.,,,,;,i,..,.;...._
3209 2793 3229 2819 ι
3252 2791 3470 2819 ..ηηιηι
3531 2792 3822 2819 ;,_.___,A,

666 2852 677 2862 θ
735 2788 954 2861 πτωδυξ
980 2788 1239 2859 “unum?
1277 2788 1458 2814 ’⁷⁸⁸⁸⁵³⁸
1685 2846 1695 2857 ,
1728 2847 1738 2857 ,
1794 2847 1804 2857 ,
2281 2788 2653 2860 ceptionibus
2720 2790 3142 2845 decidentium.
3209 2791 3473 2859 Lugebat
3531 2792 3822 2861 ignorant

529 2857 591 2908 In
621 2852 779 2908 (110ῐο
810 2850 1018 2906 mehor
1054 2864 1347 2922 quomam
1375 2863 1553 2902 Πωηο
1584 2852 1766 2902 exnut
1790 2863 1921 2921 lp50
2283 2877 2602 2922 iuventutis
2630 2894 2769 2922 sum.
2800 2882 2856 2922 et.
2898 2878 3106 2922 rlplinta
3142 2897 3154 2909 ο
3209 2884 3387 2922 annm
3436 2880 3577 2922 ﬂptn
3624 2888 3821 2922 ΓιηιιιΛ

737 2878 779 2907 ,υ
810 2878 1018 2906 ωωιυτ
1054 2878 1347 2944 quuuuuai
1376 2878 1553 2902 uculu
1584 2878 1766 2902 cauum
1790 2878 1921 2921 ιμδυ
2277 2878 2602 2947 juventutis
2630 2894 2772 2943 sugg,
2800 2882 2857 2932 et
2898 2878 3112 2933 delicta
3142 2897 3155 2945 ;
3208 2884 3387 2952 atque
3436 2880 3581 2936 ﬂetu
3624 2888 3821 2943 Oculo

737 2937 958 2993 Praesul
987 2935 1245 2993 amande
1274 2934 1458 2989 VldeS.
2282 2965 2464 2993 ..:...;,.
2509 2970 2721 2993 .m...m..
2773 2972 3099 2993 ...ωηιηιηη
3151 2968 3535 2993 μημμμμι
3613 2974 3687 2993 οξ
3804 2979 3811 2986 .

737 2968 958 2993 “um”
987 2968 1245 3045 αωαυδυσ
1283 2968 1458 2989 "“W'
1536 3023 1547 3033 ,
1648 3024 1658 3034 ο
2282 2968 2466 3019 nimio
2509 2970 2725 3020 terrain
2773 2972 3101 3037 prostratus
3151 2968 3556 3024 humectabat.
3613 2974 3815 3047 Sequi

527 3033 591 3086 In
620 3028 777 3084 faeto
803 3030 957 3082 certe
985 3025 1304 3096 nunusque
1328 3027 1620 3092 pOtenuor
1645 3041 1777 3097 Ipso
2284 3078 2307 3097 ι(
2346 3055 2498 3097 Rnnti
2526 3056 2623 3097 (τιιί
2657 3055 2925 3097 nenrinnt
2957 3061 3009 3097 pi
3044 3057 3243 3097 sitiunt
3279 3058 3565 3097 inetitinm
3655 3080 3815 3097 nun.

738 3058 777 3083 "
803 3058 957 3082 υσιισ
985 3058 1609 3121 υυυυδιίυσγυισυιιυι
1646 3058 1777 3097 ινδυ
2236 3100 2250 3115 ,
2284 3078 2309 3102 ‹‹
2346 3058 2501 3109 Beati
2526 3058 2626 3126 qui
2657 3058 2926 3110 esuriunt
2957 3061 3013 3111 et
3044 3058 3246 3112 sitiunt
3271 3058 3593 3130 justitiam,
3655 3080 3822 3135 quo:

738 3113 961 3171 Praesul
990 3113 1246 3168 amande
1272 3112 1459 3167 VldeS.
2212 3100 2252 3152 (λ
2281 3143 2388 3171 an;
2423 3144 2846 3171 --.....-i..........
2913 3169 2917 3171 .
2958 3146 3121 3171 ιιη-
3163 3161 3301 3171 ..-η
3361 3148 3614 3171 “una”-
3704 3159 3749 3171 ,.

2279 3143 2389 3216 ipsi
2423 3144 2863 3199 saturabuutur.
2899 3169 2923 3193 ››
2958 3146 3122 3200 Hanc
3163 3161 3305 3202 vero
3357 3148 3624 3205 esuriem
3689 3159 3756 3209 et
3814 3174 3822 3209 τ

2277 3249 2455 3287 nemo
2480 3233 2761 3288 habuisse
2796 3234 3154 3289 Richardum
3186 3235 3403 3291 ducem
3433 3236 3713 3307 dubitat,
3742 3261 3819 3316 (ῃ

2277 3321 2477 3376 ciﬁcos
2509 3326 2674 3377 actus
2704 3323 2833 3391 ejus
2868 3323 3155 3379 subtiliter
3185 3329 3417 3395 pensat.
3453 3326 3613 3391 Quia
3665 3330 3820 3388 insta

2270 3410 2509 3480 justitize
2540 3410 2849 3477 renitebat,
2892 3411 3102 3467 callem
3129 3412 3335 3482 judicii
3367 3414 3775 3476 incessanter
3810 3439 3820 3495 ι

2273 3497 2393 3553 bat.
2431 3498 2817 3570 Opprimebat
2841 3499 2971 3555 diro
3000 3499 3147 3569 legis
3166 3501 3316 3570 jugo
3347 3502 3756 3571 negligentes
3806 3512 3820 3571 ἶ

2274 3586 2440 3655 tiam,
2474 3587 2807 3656 corrigebat
2842 3588 3018 3643 verbo
3042 3589 3367 3644 severitatis
3388 3590 3786 3651 abdicantes
3805 3568 3817 3581 ’

2274 3678 2353 3731 Eo
2380 3692 2640 3747 namque
2671 3678 3002 3748 superstite,
3060 3678 3469 3734 misericordia
3518 3685 3583 3735 et
3636 3689 3817 3743 verit

2272 3780 2455 3835 regno
2488 3764 2635 3833 ejus,
2664 3769 2728 3819 ut
2748 3765 3055 3821 Psalmista
3078 3766 3270 3833 refert,
3315 3767 3425 3822 sibi
3479 3767 3818 3831 obviaver

2267 3852 2494 3923 justitia
2520 3858 2577 3909 et
2600 3869 2718 3925 pax
2766 3853 3047 3909 osculatae
3072 3858 3228 3910 sunt.
3263 3857 3615 3928 Esuriebat,
3647 3862 3811 3919 sitie

2274 3958 2535 4013 suosque
2556 3942 2772 3998 lucrari
2802 3943 3050 4013 Christo,
3107 3948 3173 3999 ut
3222 3950 3424 4017 posset
3469 3950 3816 4024 participe

2272 4030 2365 4085 die
2394 4030 2601 4101 judicii
2624 4032 2962 4103 perenniter
2989 4036 3125 4088 Deo.
3158 4033 3281 4089 Hoc
3306 4034 3815 4097 instantissimu

593 4121 788 4178 Merito
808 4121 1002 4193 igitur,
1024 4122 1302 4193 justeque
1323 4124 1505 4191 atque
1527 4114 1913 4189 probabiliter
1934 4114 2167 4169 Richar-
2273 4135 2461 4191 geque
2488 4120 2849 4175 desiderium
2880 4122 3027 4191 ejus,
3060 4122 3188 4178 haec
3216 4124 3438 4178 esuries
3487 4140 3816 4196 persevei

520 4212 669 4267 dum
694 4211 1166 4267 Northmannieae
1195 4209 1454 4279 regionis
1478 4207 1696 4261 ducem
1722 4204 1968 4259 beatum
1995 4219 2165 4259 sanc-
2273 4206 2422 4276 ejus,
2454 4211 2632 4279 atque
2664 4206 2785 4261 sitis
2816 4207 3162 4264 indeﬁeiens
3192 4211 3321 4281 ejus
3351 4215 3506 4278 erat,
3527 4216 3607 4266 ut
3627 4229 3814 4272 omn

522 4305 788 4373 tumque,
841 4300 1150 4356 recenslis
1202 4297 1459 4353 breviter
1502 4293 1785 4366 operibus
1834 4292 1984 4362 ejus,
2029 4291 2168 4347 dici-
2274 4293 2355 4348 cri
2387 4295 2623 4350 faceret.
2656 4296 2933 4366 Sequitur
2962 4313 2975 4350 :
3006 4318 3033 4344 ‹‹
3057 4297 3211 4352 Beati
3244 4298 3481 4354 mundo
3543 4301 3800 4369 corde,

521 4405 655 4445 mus
680 4407 693 4457 ;
717 4388 811 4444 cui
830 4388 1032 4445 omnia
1053 4411 1079 4444 ι
1099 4384 1532 4455 .angelicarum
1548 4379 1991 4437 beatitudinum
2007 4380 2167 4437 dona
2196 4441 2238 4457 ἢ
2271 4382 2434 4438 niam
2456 4383 2569 4456 ipsi
2605 4387 2789 4438 Deum
2818 4383 3126 4441 videbunt.
3153 4408 3179 4435 «
3212 4389 3324 4442 Cor
3352 4387 3509 4442 tanti
3569 4388 3792 4447 ducis

520 4477 896 4551 reperiuntur
922 4475 1281 4550 propensius
1306 4471 1606 4529 attributa.
1638 4470 1903 4533 Quarum
1933 4467 2161 4540 prima:
2196 4441 2240 4496 Β
2272 4471 2464 4544 ciique
2512 4476 2568 4527 et
2632 4471 3010 4541 confessoris,
3079 4475 3214 4546 quis
3262 4475 3449 4531 fuisse
3532 4486 3809 4538 sanctu

524 4589 551 4617 «
578 4566 739 4623 Beati
778 4582 1074 4641 pauperes
1125 4561 1357 4637 spiritu,
1415 4557 1707 4632 quoniam
1754 4556 2023 4628 ipsorum
2080 4562 2169 4614 est
2269 4560 2523 4627 Domini,
2554 4566 2611 4615 et
2633 4559 2834 4615 aulam
2861 4561 3018 4631 regis
3045 4562 3249 4619 aeterni
3299 4564 3557 4620 dubitat
3593 4566 3625 4620 ?
3702 4571 3812 4625 Ml:

519 4672 770 4727 regnum
795 4656 1103 4712 αξιοι-ωλι.
1139 4675 1166 4702 ››
1200 4653 1341 4716 Quae
1392 4648 1454 4703 in
1503 4646 1619 4703 hoc
1672 4646 2011 4702 confessore
2054 4646 2168 4703 cla—
2272 4649 2467 4705 cordis
2488 4649 2641 4704 illius
2661 4649 2838 4719 longe
2868 4650 3102 4723 lateque
3133 4653 3455 4721 emicabat,
3495 4656 3812 4725 puritati

518 4744 641 4800 rius
684 4744 814 4800 luce
839 4746 1090 4817 apparet
1124 4739 1334 4804 fuisse,
1388 4734 1495 4808 qui
1554 4735 2030 4791 Northmannicze
2076 4751 2165 4791 re-
2270 4739 2485 4794 mentis
2516 4740 2935 4794 serenissimus
2954 4740 3156 4796 vultus
3185 4742 3315 4812 ejus
3341 4742 3593 4798 clarius
3646 4744 3812 4805 indi

522 4834 715 4904 gionis
744 4831 1184 4895 monarcliiam,
1215 4841 1339 4881 non
1369 4839 1553 4880 causa
1580 4823 1761 4894 hujus
1785 4823 2164 4895 praelabentis
2270 4829 2562 4899 Praecepta
2591 4826 2807 4883 divina:
2856 4827 3004 4897 legis
3049 4830 3227 4886 corde
3280 4830 3562 4901 mundo,
3644 4839 3739 4890 ut

518 4922 783 4991 honoris,
816 4921 922 4976 sed
948 4935 1023 4975 ne
1055 4918 1450 4973 sacrosanctus
1472 4912 1742 4968 Ecclesiae
1769 4917 1954 4969 status
1983 4929 2166 4986 paga-
2269 4916 2511 4987 gerebat
2541 4935 2553 4972 :
2588 4916 2814 4984 divites,
2848 4917 3324 4992 mediocresque,
3367 4924 3425 4975 et
3494 4936 3810 4995 pauper

519 5011 612 5066 nis
632 5008 993 5067 irruentibus
1023 5002 1473 5077 periclitaretur,
1502 5001 1780 5071 retinens,
1813 5017 1874 5057 se
1918 5000 1999 5057 ad
2039 5000 2166 5056 imi-
2267 5003 2466 5060 nivola
2485 5009 2683 5061 mente
2734 5004 2950 5061 alebat.
3000 5007 3181 5076 Cujus
3240 5008 3436 5063 cordis
3507 5014 3810 5069 mentis

519 5098 761 5155 tabilem
793 5092 1003 5153 Christi
1027 5094 1441 5164 paupertatem
1479 5089 1615 5145 totis
1669 5089 1864 5145 cordis
1911 5088 2161 5158 nisibus,
2267 5093 2588 5149 voluntatis
2617 5092 2747 5163 fuit,
2775 5099 3026 5166 apparet
3054 5094 3114 5150 in
3142 5095 3403 5152 ecclesiis
3454 5099 3803 5158 Northm

524 5190 762 5257 totoque
782 5180 996 5238 mentis
1028 5180 1245 5234 aii‘ectu
1274 5177 1632 5235 conferebat.
1662 5180 1803 5243 Quae
1840 5176 2163 5233 mundialis
2269 5180 2548 5251 regionis,
2634 5182 2815 5237 rebus
2894 5183 3243 5240 monasticis
3298 5185 3589 5241 miriﬁce
3658 5191 3808 5247 ad<

519 5273 839 5329 hominum
869 5263 1132 5323 conditio
1164 5267 1423 5323 continet
1475 5266 1755 5340 pretiosa,
1813 5267 1909 5322 hic
1965 5270 2163 5321 mente
2273 5268 2592 5340 Sequitur:
2628 5291 2654 5316 ‹‹
2687 5270 2839 5325 Beati
2870 5270 3126 5342 pacifici,
3175 5273 3477 5343 quoniam
3545 5274 3695 5331 filii
3775 5281 3808 5332 I

518 5359 876 5434 periculosa.
908 5358 1046 5422 Qure
1074 5373 1317 5427 magna,
1347 5356 1443 5412 hic
1476 5356 1653 5412 corde
1703 5355 1969 5425 fugitiva.
2022 5357 2163 5421 Quae
2271 5356 2584 5411 cabuntur.
2622 5379 2648 5405 »
2681 5358 3067 5413 Paciﬁcorum
3101 5364 3302 5414 autem
3350 5375 3635 5417 merces
3679 5372 3808 5423 est

522 5446 914 5511 delectabilia,
970 5447 1063 5502 hic
1115 5464 1237 5503 non
1289 5452 1593 5519 perpetua.
1677 5446 1812 5500 Haec
1882 5444 2165 5501 veraciter
2271 5444 2331 5498 lii
2363 5444 2462 5499 Dei
2486 5450 2789 5517 vocentur,
2821 5452 2878 5501 et
2907 5446 3040 5501 sint.
3078 5448 3205 5503 Sint
3233 5448 3499 5520 quidem
3535 5454 3808 5521 perfec

522 5539 720 5590 mente
747 5535 1043 5604 deserens,
1074 5540 1131 5591 et
1156 5535 1455 5605 iutegriter
1487 5534 1664 5589 corde
1704 5548 2014 5604 spernens,
2045 5550 2164 5588 ece-
2272 5532 2459 5603 ritate,
2490 5538 2777 5589 vocentur
2801 5536 3106 5601 dignitate.
3138 5536 3328 5607 Hujus
3358 5536 3729 5597 beneﬁcii
3804 5564 3805 5597 :

517 5635 714 5691 lorum
757 5638 1032 5693 regnum,
1093 5625 1258 5697 quod
1311 5624 1415 5678 diu
1466 5621 1825 5693 concupivit,
1880 5621 2164 5691 largiente
2274 5621 2380 5675 iste
2430 5621 2554 5676 dux
2582 5623 2788 5691 viguit,
2822 5623 2968 5694 quia
2995 5639 3206 5679 omnes
3233 5630 3297 5679 ut
3320 5626 3549 5696 potuit
3632 5645 3806 5701 pac

523 5710 749 5769 Christo
780 5712 1033 5781 adeptus
1062 5716 1167 5769 est.
1201 5710 1495 5778 Quoniam
1524 5728 1597 5766 ex
1643 5709 2010 5781 pauperibus
2053 5709 2167 5781 spi—
2276 5709 2493 5766 Diebus
2531 5726 2795 5783 namque
2831 5712 3179 5782 Dominicis,
3231 5715 3805 5792 Sanctorumqu

528 3202 690 3258 Ullus
718 3217 827 3258 nec
852 3200 1167 3257 hominum
1188 3204 1345 3256 extat
1376 3199 1633 3255 sanctior
1659 3200 1716 3255 in
1747 3200 2055 3267 meditatu,

735 3289 954 3346 Praesul
984 3289 1239 3345 amande
1261 3288 1446 3345 vides.

525 3380 649 3436 Huc
676 3379 873 3435 hebeti
904 3383 963 3435 et
986 3379 1083 3433 vili
1115 3377 1330 3449 scripto
1351 3378 1703 3433 devenimus
1731 3392 1921 3449 usque

734 3465 960 3523 Praesul
989 3466 1246 3521 amande
1276 3465 1457 3521 vides.

520 3557 772 3614 Pulchra
801 3556 980 3613 nimis
1006 3556 1155 3611 ratio
1184 3555 1524 3624 verborum,
1556 3551 1975 3624 materiesque,

732 3645 952 3701 Praesul
978 3645 1235 3701 amande
1255 3644 1441 3699 vides.

519 3734 814 3791 Thematis
844 3732 1021 3789 editio
1052 3737 1208 3789 extat
1236 3731 1467 3799 frivola,
1527 3729 1767 3797 rustica,
1800 3729 1950 3797 vilis,

733 3820 952 3875 Praesul
979 3820 1235 3876 amande
1263 3820 1447 3875 vides.

520 3910 718 3966 Ditatu
744 3908 841 3964 vili
861 3925 1019 3965 nunc
1045 3926 1191 3981 cape
1221 3908 1419 3964 dulcia
1456 3906 1633 3975 facta,

734 3997 950 4053 Praesul
980 3997 1238 4055 amande
1265 3996 1421 4052 vale.
