3980 6376
63 265 165 315 753

771 261 862 313 DE
903 261 1147 317 GESTIS
1188 259 1622 317 NORMANNIE
1666 258 1922 314 DUCUM.
1957 290 2026 300 —
2066 261 2197 318 LIB.
2233 266 2322 318 Ill.
2365 262 2791 318 RICHARDUS.

3394 261 3498 313 754

59 385 341 441 vitatibus
368 386 483 441 hoc
525 385 759 459 plenius
803 387 1154 452 exercebat;
1200 384 1450 441 rebelles
1499 398 1640 438 vero
1668 385 1724 436 et
1760 386 1808 437 Α
1837 385 1931 437 tur
1964 401 1976 438 :
2009 407 2036 433 α
2064 387 2222 442 Beati
2251 387 2388 442 estis
2419 403 2558 442 cum
2593 385 3014 440 maledixerint
3042 383 3235 450 vobis,
3269 387 3324 440 et
3371 398 3502 456 per-

58 475 367 530 discordes
399 475 622 530 blande
653 475 978 547 leniterque
1003 475 1380 531 conciliabat.
1403 471 1726 528 Flandren-

60 565 136 618 sis
168 581 370 619 comes
400 564 682 620 Arnulfus
713 565 957 620 nomine
991 564 1212 636 sprevit
1261 561 1539 618 Lothario
1585 558 1727 628 Regi

57 669 128 708 eo
176 662 440 726 tempore
491 653 742 709 militare
787 657 842 708 et
892 653 1130 708 servire.
1185 652 1495 708 Lotharius
1549 649 1728 718 igitur

54 757 158 795 rex
190 742 371 812 hujus
403 741 486 796 rei
508 742 905 805 animositate,
942 741 1127 797 ascita
1173 739 1369 795 hostili
1415 737 1727 807 Francige-

55 846 275 885 narum
311 831 938 902 Burgundionumqua
966 846 1154 886 manu
1185 829 1535 884 Atrabatum
1558 827 1728 882 obse-

55 919 142 973 dit
159 924 216 973 et
240 920 436 992 erepit,
468 925 831 990 craterasque
858 919 1222 974 munitiones
1247 917 1324 973 ad
1352 916 1512 971 Leisc
1536 929 1728 986 usque

57 1008 313 1063 ﬂuvium
351 1008 466 1062 sibi
518 1006 883 1077 subjugavit.
937 1007 1122 1077 Hujus
1168 1004 1475 1060 infortunii
1524 1003 1729 1058 dolore

53 1102 334 1163 Incestus,
363 1114 565 1152 comes
602 1096 883 1151 Arnulfus
914 1096 1079 1168 petiit
1111 1094 1476 1150 Richardum
1511 1093 1729 1147 ducem

58 1186 318 1258 supplex
347 1190 403 1241 et
425 1187 698 1255 devotus,
729 1191 792 1240 ut
816 1185 1161 1256 paciﬁcaret
1199 1200 1260 1238 se
1314 1199 1453 1238 eum
1507 1197 1645 1251 rege
1675 1185 1732 1236 et

57 1275 439 1343 Francigenis
465 1274 862 1346 principibus.
899 1273 1233 1328 Richardus
1263 1288 1402 1328 vero
1449 1270 1728 1326 benivolo

55 1369 359 1419 consuetae
409 1363 843 1435 paciﬁcationis
874 1362 1082 1417 habitu
1125 1362 1377 1435 pollens,
1426 1361 1729 1431 hujusque

54 1452 267 1507 damni
296 1451 537 1520 negotio
561 1455 770 1506 contra
787 1454 1006 1519 Regem
1033 1451 1112 1506 ad
1135 1451 1422 1522 placitum
1448 1464 1726 1520 pergens,

53 1541 395 1613 paciﬁcavit
417 1557 555 1596 cum
577 1556 715 1604 rege
741 1540 1021 1595 comitem
1048 1539 1385 1605 Arnulfum,
1416 1538 1728 1608 coegitque

56 1629 226 1684 reddi
259 1629 341 1684 illi
365 1629 566 1684 nimiae
597 1629 955 1701 precationis
978 1628 1194 1683 affectu
1215 1628 1587 1683 Atrabatum.
1613 1629 1728 1680 Nec

56 1719 200 1773 illud
242 1718 730 1791 praetereundum
760 1718 946 1789 quod,
1000 1718 1278 1772 Lothario
1332 1733 1470 1786 rege
1521 1714 1722 1770 defun-

57 1812 173 1872 cto,
219 1808 393 1878 Hugo
424 1807 547 1861 dux
576 1806 964 1862 intronizatus
995 1807 1057 1861 in
1089 1821 1276 1875 regno
1318 1805 1506 1860 voluit
1548 1819 1731 1876 super

57 1897 370 1952 Albertum
402 1896 681 1951 comitem
713 1896 1002 1967 equitare,
1035 1895 1232 1951 hostili
1282 1894 1542 1950 exercitu
1591 1908 1729 1949 con-

59 1986 324 2054 globato.
359 1985 630 2040 Albertus
671 1985 848 2055 igitur
901 1989 1174 2040 metuens
1223 1989 1546 2039 venturum
1592 1981 1730 2037 furi-

59 2074 252 2128 bundi
282 2073 440 2141 regis
480 2073 829 2137 adventum,
859 2072 1020 2127 misit
1067 2072 1394 2144 quemdam
1451 2070 1731 2126 clericum

58 2162 307 2234 pretiosi
339 2162 620 2233 martyris
653 2162 864 2218 Christi
921 2162 1184 2227 Quintini
1231 2161 1590 2217 canonicum
1629 2176 1733 2215 no-

60 2253 218 2307 mine
271 2251 607 2316 Dudonem,
650 2251 878 2306 dictum
929 2251 1008 2306 ad
1058 2250 1420 2306 Richardum
1479 2265 1730 2304 summa

59 2341 360 2412 patientiae
388 2340 741 2414 patricium;
779 2345 841 2395 ut
871 2357 945 2396 ne
984 2339 1185 2395 hostili
1229 2339 1602 2394 immanitate
1627 2338 1730 2393 de-

62 2433 399 2485 vastaretur
428 2445 623 2502 pagus
649 2429 1234 2496 Viromandensium,
1266 2429 1602 2484 interventu
1623 2443 1732 2482 suo

66 2523 312 2574 strenuo
355 2517 745 2573 intercederet
773 2534 884 2590 pro
917 2534 978 2573 se
1008 2518 1173 2590 apud
1207 2534 1411 2586 regem
1457 2516 1733 2589 pestifera

65 2607 442 2662 animositate
505 2606 773 2678 plenum.
838 2610 962 2661 Dux
1020 2623 1160 2661 vero
1213 2605 1545 2661 Richardus
1593 2621 1732 2659 cum

69 2711 310 2750 summo
374 2695 716 2750 reverentiae
782 2695 944 2750 cultu
1006 2695 1270 2766 suscepit
1317 2694 1620 2762 clericum,
1679 2696 1736 2747 et

68 2783 338 2854 profectu
398 2788 489 2837 est
546 2788 754 2838 contra
809 2798 1012 2850 regem
1088 2783 1387 2838 volentem
1461 2782 1728 2854 equitare

69 2873 249 2928 ascito
277 2872 476 2927 hostili
530 2872 791 2927 exercitu
840 2888 1018 2944 super
1059 2871 1385 2933 Albertum,
1437 2875 1493 2926 et
1545 2869 1738 2925 multi-

70 2962 391 3017 modarum
424 2961 945 3033 prosecutionibus
975 2961 1328 3033 petitionum
1348 2975 1737 3032 compescens

71 3067 272 3120 regem
306 3050 676 3114 animosum,
710 3050 863 3104 datis
895 3051 1206 3105 obsidibus
1237 3050 1576 3122 pacificavit
1598 3065 1736 3103 cum
1770 3085 1808 3138 Ο

70 3154 202 3207 rege
269 3138 599 3193 Albertum.
657 3139 841 3207 Hujus
895 3138 1072 3206 igitur
1128 3138 1466 3193 beatudinis
1520 3153 1739 3209 praero-

72 3229 272 3297 gativa
300 3227 407 3282 iste
441 3226 560 3280 dux
594 3226 897 3298 profusius
928 3226 1144 3294 floruit,
1175 3227 1317 3299 quia
1348 3243 1500 3298 quos
1532 3225 1736 3281 audie-

72 3317 172 3372 bat
200 3317 536 3382 discordes,
578 3321 681 3371 aut
713 3333 817 3388 per
867 3335 927 3371 se
982 3322 1085 3372 aut
1112 3333 1218 3389 per
1265 3316 1492 3385 legatos
1539 3316 1741 3389 pacifi-

75 3406 264 3461 cabat.
296 3405 657 3461 Paeiticabat
696 3405 854 3460 enim
885 3406 1286 3474 Francigenas
1317 3410 1371 3460 et
1399 3406 1739 3460 Lotharien-

76 3510 183 3562 ses,
216 3494 680 3564 Burgundiones
720 3499 776 3550 et
808 3494 1223 3562 Flandrenses,
1271 3494 1492 3563 Anglos
1541 3500 1596 3550 ct
1643 3494 1740 3548 Hi-

75 3582 418 3646 bernenses,
453 3585 895 3639 Northmannos
923 3589 979 3638 et
1013 3585 1294 3639 Britones.
1333 3583 1563 3639 Sciebat
1582 3585 1740 3638 enim

75 3673 306 3728 nullum
338 3671 696 3727 sacriﬁcium
747 3678 803 3728 et
847 3673 1266 3728 holocaustum
1309 3676 1433 3728 tam
1474 3678 1741 3743 accepta-

76 3761 185 3816 bile
215 3766 357 3824 Deo,
389 3778 572 3833 quam
608 3761 773 3833 pacis
823 3763 1278 3817 incrementum.
1323 3760 1744 3816 Venerabiliter

78 3866 214 3918 ergo
244 3850 353 3905 iste
384 3850 509 3904 dux
539 3849 688 3905 inter
717 3867 819 3906 eos
849 3855 1200 3906 numeratur
1241 3850 1343 3921 qui
1375 3849 1492 3904 ﬁde
1525 3854 1580 3904 et
1608 3849 1742 3903 imi-

77 3939 293 3994 tatione
325 3938 428 3993 lilii
453 3938 554 3993 Dei
588 3944 897 4006 vocantur,
949 3940 1091 4011 quia
1133 3938 1270 3994 totis
1319 3938 1458 3993 ﬁdei
1510 3937 1740 3992 nisibus

77 4026 343 4099 implevit
373 4027 540 4099 quod
569 4032 748 4083 tantae
798 4028 1068 4098 dignitati
1107 4043 1436 4098 congruere
1488 4043 1743 4099 praesen-

81 4117 168 4182 sit,
220 4117 418 4172 sciens
475 4133 599 4171 non
652 4118 969 4188 prohibere
1019 4119 1207 4172 Deum
1262 4117 1745 4189 quamplurimos

80 4203 200 4260 ﬁeri
251 4206 363 4260 dos
393 4205 848 4278 participatione
897 4206 1150 4261 deitatis.
1194 4206 1515 4262 Videamus
1566 4206 1745 4275 igitur

83 4295 379 4364 Evangelii
434 4296 831 4367 sequentiam,
891 4312 1015 4367 qua
1063 4295 1318 4350 dicitur:
1380 4296 1600 4350 «Beati
1639 4299 1746 4367 qui

78 4384 550 4452 persecutionem
585 4386 894 4456 patiuntur
944 4390 1187 4457 propter
1233 4384 1545 4455 justitiam,
1601 4401 1748 4456 quo-

80 4472 238 4528 niam
270 4472 544 4544 ipsorum
577 4478 663 4528 est
704 4489 960 4543 regnum
1011 4474 1325 4529 caelorum.
1356 4497 1384 4522 ››
1432 4473 1487 4530 Si
1537 4473 1748 4545 quieri-

78 4565 168 4614 tur
200 4577 387 4616 causa
415 4561 846 4633 persecutionis
876 4562 1060 4632 hujus
1091 4562 1283 4631 ducis,
1317 4579 1438 4617 non
1472 4563 1588 4618 alia
1619 4579 1749 4634 pro-

81 4648 171 4703 cul
201 4649 392 4704 dubio
416 4650 708 4720 reperitur
739 4666 924 4721 quam
970 4650 1233 4720 justitiae,
1285 4651 1494 4707 Christi
1541 4650 1776 4730 videli—m

83 4742 186 4804 cet,
223 4754 410 4810 quem
451 4743 572 4793 toto
623 4738 822 4807 corde,
879 4743 999 4794 tota
1049 4739 1275 4807 anima,
1336 4741 1468 4794 totis
1525 4740 1748 4794 viribus

83 4827 375 4882 amabat:
434 4842 617 4898 quem
668 4828 898 4897 integra
949 4827 1090 4896 ﬁde,
1142 4845 1382 4883 summa
1438 4828 1750 4884 devotione

85 4915 315 4971 colebat
344 4921 400 4971 et
431 4915 759 4971 adorabat:
793 4933 904 4988 pro
933 4933 1054 4988 quo
1086 4918 1399 4972 monachis
1427 4923 1483 4972 et
1513 4917 1752 4973 canoni-

82 5004 160 5058 cis
182 5004 465 5060 ecclesias
493 5005 897 5072 construebat,
933 5011 988 5060 et
1017 5023 1151 5077 qua:
1206 5007 1541 5061 necessaria
1584 5012 1755 5062 erant

81 5093 494 5148 distribuebat.
530 5094 764 5149 Cultum
796 5094 1097 5163 religionis
1126 5099 1320 5149 tenere
1349 5094 1622 5165 cogebat,
1652 5111 1754 5166 pa.

84 5197 272 5250 ganos
304 5182 361 5236 in
397 5182 692 5238 Christum
725 5183 967 5239 credere
1000 5183 1272 5251 urgebat,
1301 5183 1612 5239 etillorum
1647 5185 1754 5238 im-

85 5276 288 5341 petum
322 5287 396 5326 ne
449 5273 759 5328 Franciam
804 5273 1186 5327 devastarent
1240 5273 1550 5328 tolerabat.
1600 5276 1752 5328 More

83 5359 538 5415 malefactorum
558 5366 906 5432 persecutus
931 5377 966 5416 a
989 5361 1265 5416 Lothario
1294 5378 1453 5431 rege,
1469 5361 1752 5418 Tetboldo

84 5448 319 5516 comite,
349 5450 694 5505 monasticis
723 5450 904 5505 rebus
957 5451 1196 5506 inhians
1246 5468 1366 5507 non
1413 5452 1670 5508 cessavit
1718 5469 1754 5508 a

84 5536 296 5591 Christi
327 5537 528 5593 laude.
562 5538 952 5610 Multipliciter
982 5539 1139 5594 enim
1176 5546 1544 5611 persecutus,
1577 5541 1752 5596 caelo-

83 5640 217 5678 rum
239 5641 515 5694 regnum,
539 5627 706 5698 quod
736 5627 1029 5698 quaesivit,
1064 5634 1127 5683 ut
1158 5629 1460 5684 credimus
1490 5629 1748 5684 intravit.

87 5713 464 5770 Confortatus
488 5715 812 5772 Salvatoris
867 5716 1054 5772 nostri
1093 5718 1402 5786 sententia,
1453 5734 1576 5793 qua
1606 5717 1750 5773 dici-

1837 474 2019 529 secuti
2049 491 2158 530 vos
2186 476 2420 542 fuerint,
2454 479 2509 530 et
2539 475 2795 530 dixerint
2815 487 2868 530 oi
2881 492 2911 528 n
2925 491 2996 529 ne
3024 474 3254 530 malum
3294 473 3504 528 adver-

1837 578 1972 617 sum
2002 580 2130 628 vos,
2163 565 2516 620 mentientes
2570 567 2813 636 propter
2862 579 2976 617 me.
3013 563 3272 619 Gaudete
3319 567 3375 617 et
3399 578 3500 616 ex-

1838 651 2068 719 sultate,
2102 654 2396 725 quoniam
2423 668 2652 708 merces
2683 657 2882 707 vestra
2913 651 3158 723 copiosa
3187 654 3274 706 est
3296 649 3357 705 in
3387 667 3503 705 cce-

1835 739 1924 793 lis.
1963 763 1990 789 ››
2023 742 2182 806 Quas
2213 747 2269 796 et
2295 746 2552 814 quantas
2584 740 2690 795 iste
2739 740 2861 794 dux
2893 756 3114 812 passus
3157 743 3213 794 et
3258 738 3504 793 maledi-

1836 829 2059 885 ctiones
2107 836 2162 885 et
2219 831 2627 903 blasphemias
2654 845 2766 902 pro
2794 828 2961 899 regni
3019 827 3271 882 caelestis
3322 827 3502 899 adep-

1836 918 2012 984 tione,
2047 920 2248 975 nullus
2303 924 2648 975 nostrorum
2685 919 2842 974 valet
2895 933 3268 972 enumerare.
3322 916 3501 972 Susti-

1835 1007 1964 1062 nuit
1991 1024 2254 1080 namque
2286 1007 2735 1063 maledictiones
2761 1023 2871 1079 pro
2898 1005 3016 1061 ﬁde
3048 1005 3360 1071 catholica,
3390 1019 3500 1076 pro

1835 1097 2004 1166 regni
2060 1099 2260 1164 tutela,
2309 1113 2690 1170 paganorum
2750 1095 3046 1152 attritione
3101 1093 3499 1162 severissima,

1836 1203 1946 1259 pro
1999 1188 2438 1242 monachorum
2496 1185 2927 1256 negligentiam
2975 1184 3246 1253 regulam
3291 1183 3503 1238 contri-

1837 1275 1995 1330 tione
2027 1275 2425 1342 sanctissima,
2457 1291 2566 1346 pro
2597 1273 3028 1329 eanonicorum
3057 1272 3210 1327 inter
3239 1287 3300 1326 se
3331 1271 3502 1326 dissi-

1836 1364 2107 1419 dentium
2138 1364 2478 1431 concordia,
2512 1379 2622 1434 pro
2643 1362 2935 1417 laicorum
2961 1376 3111 1432 pace
3139 1360 3496 1415 intermissa.

1837 1457 1974 1509 Erat
2002 1453 2162 1508 enim
2193 1453 2360 1508 istius
2387 1451 2557 1507 ducis
2585 1451 2849 1508 Christus
2879 1448 2942 1505 in
2969 1465 3173 1516 causa,
3206 1449 3342 1504 ideo
3370 1464 3499 1503 ma-

1835 1542 2188 1598 lefactorum
2241 1541 2531 1597 adversus
2582 1558 2720 1597 eum
2771 1556 2894 1595 non
2944 1538 3259 1613 praevaluit
3310 1537 3496 1594 mina.

1839 1631 2149 1687 Gaudebat
2190 1647 2455 1703 namque
2487 1629 2708 1686 caelesti
2751 1627 3026 1686 mercede
3076 1627 3392 1700 promissa,
3444 1629 3502 1682 et

1767 1735 1808 1789 Β
1839 1720 2197 1787 exsultabat,
2254 1719 2637 1776 inimicorum
2694 1717 3159 1790 invidorumque
3225 1715 3500 1772 omnium

1835 1814 2135 1882 prostrata
2163 1809 2451 1881 nequitia.

2471 1912 2828 1953 APOSTROPHA
2842 1940 2854 1951 .

1947 1991 2094 2044 Cum
2125 2003 2231 2060 per
2259 1987 2543 2042 miriﬁcos
2572 1985 3070 2056 magniﬁcosque,

1948 2077 2185 2134 Cunctis
2217 2076 2574 2132 Christicolis
2605 2075 3097 2148 percelehre.=que

1948 2165 2224 2221 Richardi
2253 2165 2484 2221 comitis
2512 2164 2886 2237 patriciique,

1951 2257 2322 2328 [nsignisque
2352 2256 2542 2322 ducis,
2575 2260 2633 2312 et
2659 2254 2980 2322 recolendi,

1946 2345 2151 2401 Solvor
2179 2345 2544 2401 thematibus
2573 2344 2787 2400 vilibus
2818 2348 2984 2399 actus
3019 2361 3031 2399 :

1947 2437 2086 2490 Pars
2117 2450 2318 2488 rerum
2342 2433 2555 2489 melior
2583 2437 2737 2489 tecta
2763 2432 3022 2503 videtur,

1951 2527 2016 2579 Et
2044 2527 2238 2595 torpet
2268 2523 2447 2580 series
2474 2539 2636 2578 nunc
2665 2522 2988 2587 luculenta,

1950 2615 2091 2678 Quae
2117 2613 2246 2683 jam
2277 2612 2604 2685 perniciem
2631 2612 2891 2668 conferet
2921 2626 3144 2678 acrem,

1951 2701 2158 2768 Stulto,
2191 2701 2272 2757 ha
2300 2703 2312 2756 !
2346 2702 2620 2757 mihimet
2647 2695 2770 2756 non
2799 2703 3062 2756 reserata

1947 2789 2262 2859 Permagni
2292 2790 2548 2846 nimium
2579 2783 2826 2845 munere
2854 2789 3098 2855 fructus,

1946 2883 2030 2936 Tu
2059 2879 2372 2935 fraudatus
2402 2880 2538 2945 eris,
2570 2879 2793 2951 optime
2817 2877 3019 2932 lector.

1951 2969 2122 3034 Quod
2153 2985 2462 3028 summum
2491 2968 2658 3024 haud
2687 2967 2872 3036 tetigit
2903 2969 3065 3022 Musa
3092 2965 3380 3021 laborem.

1952 3061 2075 3113 Heu
2101 3058 2112 3111 !
2145 3058 2300 3112 heu!
2330 3058 2610 3113 funereos
2640 3056 3173 3129 perlugubresque,

1951 3150 2108 3204 Mens
2139 3163 2414 3218 prmsaga
2444 3146 2626 3211 necis,
2662 3151 2840 3218 atque
2869 3144 3113 3210 doloris,

1954 3233 2212 3290 Difﬁnire
2243 3236 2459 3292 modos
2490 3252 2751 3309 expaves
2779 3236 3052 3304 horrens,

1954 3325 2065 3376 Res
2096 3324 2440 3392 moestifera,
2475 3325 2660 3394 digna
2686 3323 2884 3380 taceri.

1957 3412 1998 3465 Ο
2025 3427 2120 3465 res
2147 3412 2492 3479 mmstifera,
2523 3413 2705 3485 plena
2731 3410 2954 3467 doloris
2980 3411 2991 3464 !

1957 3500 2318 3571 Quanquam
2351 3500 2545 3555 dicere
2576 3500 2649 3554 sit
2678 3499 2835 3554 triste
2866 3497 3192 3567 minaxque

1957 3587 2193 3642 Cunctis
2223 3592 2279 3642 et
2306 3587 2648 3659 querulum,
2689 3590 2746 3641 et
2773 3584 3188 3658 prodigiosum

1958 3678 2318 3748 Quanquam
2348 3675 2543 3732 ﬂebile
2595 3676 2667 3731 sit
2689 3674 2966 3743 scribere,
2999 3672 3280 3728 scribam.

1959 3763 2227 3820 Scribam
2253 3765 2420 3837 quod
2445 3763 2640 3831 doleo,
2672 3762 2837 3836 quod
2870 3762 2984 3817 ﬂeo
3009 3776 3292 3828 maerens,

1957 3852 2045 3907 Ad
2075 3852 2260 3908 vitam
2293 3853 2472 3909 subiit
2494 3852 2750 3925 qualiter
2777 3851 2883 3906 iste

1959 3943 2108 4009 Dux,
2137 3945 2193 3997 et
2220 3942 2524 4014 patricius,
2557 3945 2614 3997 et
2637 3939 2906 3996 marchio
2938 3954 3232 3994 summus.

1958 4031 2120 4088 Morti
2149 4031 2359 4087 limina
2389 4048 2496 4104 per
2520 4030 2724 4086 debita
2753 4028 2938 4096 carni,

1961 4121 2326 4191 Conjunctus
2357 4120 2610 4176 Domino
2641 4121 2882 4191 perpete
2914 4117 3167 4187 Christo,

1962 4213 2029 4265 Et
2051 4209 2188 4281 plus
2217 4214 2281 4265 ut
2310 4214 2553 4282 stupeas
2580 4208 2968 4264 muniﬁca-itus
3069 4216 3082 4221 '

1964 4301 2113 4354 Usus
2142 4299 2325 4372 inque
2357 4301 2544 4355 Deum
2577 4302 2787 4370 estque
2816 4301 3072 4351 HEuEIE.

1903 4390 2076 4443 Cum
2105 4392 2307 4442 autem
2337 4391 2641 4443 tantarum
2659 4383 3122 4455 beatitudinum,
3147 4388 3214 4440 ut
3233 4395 3514 4454 compen-

1855 4476 2021 4532 diose
2046 4476 2256 4531 hebete
2295 4481 2450 4548 styto
2490 4475 2904 4531 elucubratum
2934 4478 3047 4538 est,
3078 4471 3354 4529 redolens
3404 4469 3514 4526 ﬂa-

1857 4569 2056 4635 graret
2101 4565 2405 4637 lampade,
2452 4564 2629 4636 jussit
2668 4563 2782 4618 sibi
2826 4561 2995 4617 exesi
3071 4560 3516 4633 sarcophagum

1857 4653 2096 4719 scilicet,
2129 4658 2185 4708 et
2213 4653 2367 4708 infra
2409 4652 2724 4709 ecclesiam
2774 4651 3022 4707 Fiscano
3053 4649 3298 4706 nomine
3345 4647 3515 4703 deiﬁ-

1857 4760 1939 4798 cae
1967 4742 2231 4798 Trinitati
2254 4746 2672 4798 consecratam
2702 4744 2838 4796 ante
2865 4739 3068 4795 locum
3098 4735 3360 4794 stationi:
3395 4752 3541 4812 suae.

1856 4831 2074 4897 locare,
2103 4835 2158 4886 et
2186 4846 2308 4886 uno
2348 4846 2592 4903 quoque
2636 4829 2731 4884 die
2762 4832 2940 4884 sextae
2984 4827 3166 4898 ferias,
3217 4828 3517 4899 quantum

1862 4920 2142 4975 frumenti
2172 4936 2364 4992 capax
2411 4923 2538 4976 erat
2590 4922 2647 4974 et
2675 4918 2944 4990 quinque
2991 4915 3214 4971 solidos
3242 4912 3520 4987 pauperi-

1864 5011 1975 5064 bus
2001 5025 2268 5077 erogare.
2305 5009 2567 5081 Denique
2597 5006 2965 5063 multimodis
2989 5001 3520 5059 innumerabilium

1862 5113 2118 5153 casuum
2149 5098 2632 5164 adversitatibus,
2658 5094 3208 5168 multiplicibusque
3261 5090 3522 5164 aequani-

1862 5186 2035 5242 miter
2061 5187 2372 5242 laboribus
2398 5203 2507 5260 pro
2539 5187 2638 5242 Dei
2668 5200 2872 5241 amore
2901 5182 3185 5251 toleratis,
3234 5181 3521 5238 adminis-

1863 5275 2215 5331 trationibus
2245 5275 2592 5348 temporalis
2622 5276 2754 5331 vitae
2778 5274 2933 5330 bene
2962 5272 3295 5339 transactis,
3339 5271 3521 5342 largi-

1862 5364 1994 5419 ﬂuae
2025 5364 2490 5437 multiplicisque
2531 5362 2954 5420 misericordiae
3004 5362 3289 5434 operibus
3339 5361 3520 5433 datis,

1862 5453 2118 5508 ducibus
2148 5453 2662 5525 imitabilibusque
2693 5452 2822 5509 vita“:
2855 5452 3145 5524 exemplis
3199 5451 3518 5519 concessis,

1861 5541 2391 5598 innumerabilium
2405 5542 2778 5614 captivorum
2792 5541 3159 5612 agiminibus
3171 5539 3520 5612 redemptis,

1862 5631 2301 5686 monachorum
2334 5631 2887 5702 canonicorumque
2937 5630 3227 5687 cmnobiis
3265 5628 3520 5698 refectis,

1861 5719 2160 5776 immensa
2187 5720 2364 5777 variae
2395 5720 2731 5793 supellectis
2756 5719 2913 5776 mole
2935 5719 3252 5778 distributa
3279 5717 3522 5791 profuse
