  <div class='ocr_page' id='page_1' title='image "/cluster/home/n/w/nwhite01/storage/ocr_20150623/140-141/uc1.31175018559917/953.png"; bbox 0 0 3878 6394; ppageno 0'>
   <div class='ocr_carea' id='block_1_1' title="bbox 477 258 580 309">
    <p class='ocr_par' dir='ltr' id='par_1_1' title="bbox 477 258 580 309">
     <span class='ocr_line' id='line_1_1' title="bbox 477 258 580 309; baseline 0.029 -3"><span class='ocrx_word' id='word_1_1' title='bbox 477 258 580 309; x_wconf 83' lang='grc'><strong>755</strong></span> 
     </span>
    </p>
   </div>
   <div class='ocr_carea' id='block_1_2' title="bbox 1440 252 3781 315">
    <p class='ocr_par' dir='ltr' id='par_1_2' title="bbox 1440 252 3781 315">
     <span class='ocr_line' id='line_1_2' title="bbox 1440 252 3781 315; baseline -0.002 -6"><span class='ocrx_word' id='word_1_2' title='bbox 1440 257 1748 314; x_wconf 85' lang='lat' dir='ltr'><strong>DUDONIS</strong></span> <span class='ocrx_word' id='word_1_3' title='bbox 1788 254 2082 312; x_wconf 78' lang='lat' dir='ltr'><strong>DECANIS</strong></span> <span class='ocrx_word' id='word_1_4' title='bbox 2122 252 2179 308; x_wconf 92' lang='lat' dir='ltr'><strong>S.</strong></span> <span class='ocrx_word' id='word_1_5' title='bbox 2217 252 2523 315; x_wconf 82' lang='lat' dir='ltr'><strong>QUINTlNl</strong></span> <span class='ocrx_word' id='word_1_6' title='bbox 2562 254 2940 308; x_wconf 77' lang='lat' dir='ltr'><strong>VIROMAND.</strong></span> <span class='ocrx_word' id='word_1_7' title='bbox 3736 259 3781 306; x_wconf 57' lang='lat' dir='ltr'><strong>73k</strong></span> 
     </span>
    </p>
   </div>
   <div class='ocr_carea' id='block_1_3' title="bbox 481 374 3817 449">
    <p class='ocr_par' dir='ltr' id='par_1_3' title="bbox 481 374 3817 449">
     <span class='ocr_line' id='line_1_3' title="bbox 481 374 3817 449; baseline -0.001 -19"><span class='ocrx_word' id='word_1_8' title='bbox 481 376 705 445; x_wconf 81' lang='lat' dir='ltr'><strong>egenis,</strong></span> <span class='ocrx_word' id='word_1_9' title='bbox 741 376 920 449; x_wconf 77' lang='lat' dir='ltr'><strong>ccepit</strong></span> <span class='ocrx_word' id='word_1_10' title='bbox 947 377 1177 432; x_wconf 83' lang='lat' dir='ltr'><strong>anxiari</strong></span> <span class='ocrx_word' id='word_1_11' title='bbox 1207 383 1263 432; x_wconf 92' lang='lat' dir='ltr'><strong>et</strong></span> <span class='ocrx_word' id='word_1_12' title='bbox 1290 384 1574 446; x_wconf 81' lang='lat' dir='ltr'><strong>aegrotare</strong></span> <span class='ocrx_word' id='word_1_13' title='bbox 1606 380 1951 449; x_wconf 79' lang='lat' dir='ltr'><strong>viribusque</strong></span> <span class='ocrx_word' id='word_1_14' title='bbox 1982 376 2126 431; x_wconf 84' lang='lat' dir='ltr'><strong>deli-</strong></span> <span class='ocrx_word' id='word_1_15' title='bbox 2159 379 2205 430; x_wconf 88' lang='lat' dir='ltr'><strong>A</strong></span> <span class='ocrx_word' id='word_1_16' title='bbox 2241 380 2502 446; x_wconf 89' lang='lat' dir='ltr'><strong>quantus</strong></span> <span class='ocrx_word' id='word_1_17' title='bbox 2532 391 2646 446; x_wconf 85' lang='lat' dir='ltr'><strong>que</strong></span> <span class='ocrx_word' id='word_1_18' title='bbox 2686 375 2875 429; x_wconf 87' lang='lat' dir='ltr'><strong>luctus</strong></span> <span class='ocrx_word' id='word_1_19' title='bbox 2924 374 3485 437; x_wconf 81' lang='lat' dir='ltr'><strong>Northmannorum,</strong></span> <span class='ocrx_word' id='word_1_20' title='bbox 3533 379 3728 445; x_wconf 85' lang='lat' dir='ltr'><strong>quanta</strong></span> <span class='ocrx_word' id='word_1_21' title='bbox 3755 374 3817 449; x_wconf 60' lang='lat' dir='ltr'><strong>lat</strong></span> 
     </span>
    </p>
   </div>
   <div class='ocr_carea' id='block_1_4' title="bbox 484 465 2131 536">
    <p class='ocr_par' dir='ltr' id='par_1_4' title="bbox 484 465 2131 536">
     <span class='ocr_line' id='line_1_4' title="bbox 484 465 2131 536; baseline -0.002 -17"><span class='ocrx_word' id='word_1_22' title='bbox 484 480 635 526; x_wconf 89' lang='lat' dir='ltr'><strong>cere,</strong></span> <span class='ocrx_word' id='word_1_23' title='bbox 670 468 726 520; x_wconf 92' lang='lat' dir='ltr'><strong>et</strong></span> <span class='ocrx_word' id='word_1_24' title='bbox 751 481 787 520; x_wconf 91' lang='lat' dir='ltr'><strong>a</strong></span> <span class='ocrx_word' id='word_1_25' title='bbox 826 465 1207 535; x_wconf 83' lang='lat' dir='ltr'><strong>Bajocacensi</strong></span> <span class='ocrx_word' id='word_1_26' title='bbox 1238 481 1395 536; x_wconf 84' lang='lat' dir='ltr'><strong>pago</strong></span> <span class='ocrx_word' id='word_1_27' title='bbox 1439 467 1514 522; x_wconf 88' lang='lat' dir='ltr'><strong>ad</strong></span> <span class='ocrx_word' id='word_1_28' title='bbox 1544 468 1755 521; x_wconf 86' lang='lat' dir='ltr'><strong>Aulam</strong></span> <span class='ocrx_word' id='word_1_29' title='bbox 1806 465 2131 520; x_wconf 60' lang='grc' dir='ltr'><strong>1⁹18οί11111110</strong></span> 
     </span>
    </p>
   </div>
   <div class='ocr_carea' id='block_1_5' title="bbox 486 552 2132 620">
    <p class='ocr_par' dir='ltr' id='par_1_5' title="bbox 486 552 2132 620">
     <span class='ocr_line' id='line_1_5' title="bbox 486 552 2132 620; baseline 0 -13"><span class='ocrx_word' id='word_1_30' title='bbox 486 552 643 607; x_wconf 86' lang='lat' dir='ltr'><strong>sedis</strong></span> <span class='ocrx_word' id='word_1_31' title='bbox 676 553 948 608; x_wconf 84' lang='lat' dir='ltr'><strong>secedere</strong></span> <span class='ocrx_word' id='word_1_32' title='bbox 976 571 988 620; x_wconf 92' lang='lat'><strong>;</strong></span> <span class='ocrx_word' id='word_1_33' title='bbox 1022 570 1095 607; x_wconf 90' lang='lat' dir='ltr'><strong>ne</strong></span> <span class='ocrx_word' id='word_1_34' title='bbox 1126 570 1197 608; x_wconf 91' lang='lat' dir='ltr'><strong>eo</strong></span> <span class='ocrx_word' id='word_1_35' title='bbox 1228 554 1505 609; x_wconf 90' lang='lat' dir='ltr'><strong>defuncto</strong></span> <span class='ocrx_word' id='word_1_36' title='bbox 1537 556 1838 610; x_wconf 87' lang='lat' dir='ltr'><strong>fastidium</strong></span> <span class='ocrx_word' id='word_1_37' title='bbox 1889 553 2132 610; x_wconf 89' lang='lat' dir='ltr'><strong>transla-</strong></span> 
     </span>
    </p>
   </div>
   <div class='ocr_carea' id='block_1_6' title="bbox 487 640 2132 713">
    <p class='ocr_par' dir='ltr' id='par_1_6' title="bbox 487 640 2132 713">
     <span class='ocr_line' id='line_1_6' title="bbox 487 640 2132 713; baseline -0.001 -18"><span class='ocrx_word' id='word_1_38' title='bbox 487 641 662 696; x_wconf 90' lang='lat' dir='ltr'><strong>tionis</strong></span> <span class='ocrx_word' id='word_1_39' title='bbox 695 646 851 696; x_wconf 90' lang='lat' dir='ltr'><strong>esset</strong></span> <span class='ocrx_word' id='word_1_40' title='bbox 877 640 938 695; x_wconf 90' lang='lat' dir='ltr'><strong>in</strong></span> <span class='ocrx_word' id='word_1_41' title='bbox 966 641 1156 712; x_wconf 87' lang='lat' dir='ltr'><strong>plebe.</strong></span> <span class='ocrx_word' id='word_1_42' title='bbox 1189 644 1335 697; x_wconf 89' lang='lat' dir='ltr'><strong>Cum</strong></span> <span class='ocrx_word' id='word_1_43' title='bbox 1384 648 1584 697; x_wconf 86' lang='lat' dir='ltr'><strong>autem</strong></span> <span class='ocrx_word' id='word_1_44' title='bbox 1640 644 1866 698; x_wconf 27' lang='lat' dir='ltr'><strong>lt‘iscani</strong></span> <span class='ocrx_word' id='word_1_45' title='bbox 1911 642 2132 713; x_wconf 86' lang='lat' dir='ltr'><strong>palatio</strong></span> 
     </span>
    </p>
   </div>
   <div class='ocr_carea' id='block_1_7' title="bbox 485 729 2129 799">
    <p class='ocr_par' dir='ltr' id='par_1_7' title="bbox 485 729 2129 799">
     <span class='ocr_line' id='line_1_7' title="bbox 485 729 2129 799; baseline -0.001 -15"><span class='ocrx_word' id='word_1_46' title='bbox 485 729 740 796; x_wconf 84' lang='lat' dir='ltr'><strong>adesset,</strong></span> <span class='ocrx_word' id='word_1_47' title='bbox 773 729 914 784; x_wconf 84' lang='lat' dir='ltr'>dicit</span> <span class='ocrx_word' id='word_1_48' title='bbox 943 745 1145 784; x_wconf 89' lang='lat' dir='ltr'><strong>comes</strong></span> <span class='ocrx_word' id='word_1_49' title='bbox 1177 730 1484 797; x_wconf 79' lang='lat' dir='ltr'><strong>Rodulfus,</strong></span> <span class='ocrx_word' id='word_1_50' title='bbox 1516 732 1735 787; x_wconf 79' lang='lat' dir='ltr'><strong>scilicet</strong></span> <span class='ocrx_word' id='word_1_51' title='bbox 1762 732 1935 785; x_wconf 85' lang='lat' dir='ltr'><strong>frater</strong></span> <span class='ocrx_word' id='word_1_52' title='bbox 1984 732 2129 799; x_wconf 87' lang='lat' dir='ltr'><strong>ejus,</strong></span> 
     </span>
    </p>
   </div>
   <div class='ocr_carea' id='block_1_8' title="bbox 485 818 2131 875">
    <p class='ocr_par' dir='ltr' id='par_1_8' title="bbox 485 818 2131 875">
     <span class='ocr_line' id='line_1_8' title="bbox 485 818 2131 875; baseline -0.001 -2"><span class='ocrx_word' id='word_1_53' title='bbox 485 818 563 873; x_wconf 91' lang='lat' dir='ltr'><strong>ad</strong></span> <span class='ocrx_word' id='word_1_54' title='bbox 589 834 727 873; x_wconf 90' lang='lat' dir='ltr'><strong>eum</strong></span> <span class='ocrx_word' id='word_1_55' title='bbox 782 834 985 873; x_wconf 89' lang='lat' dir='ltr'><strong>coram</strong></span> <span class='ocrx_word' id='word_1_56' title='bbox 1032 819 1255 873; x_wconf 66' lang='lat' dir='ltr'><strong>caeteris</strong></span> <span class='ocrx_word' id='word_1_57' title='bbox 1301 819 1578 875; x_wconf 79' lang='lat' dir='ltr'><strong>ﬁdelibus</strong></span> <span class='ocrx_word' id='word_1_58' title='bbox 1628 821 1968 874; x_wconf 73' lang='lat' dir='ltr'><strong>humiliter:</strong></span> <span class='ocrx_word' id='word_1_59' title='bbox 2022 824 2131 873; x_wconf 77' lang='grc'><strong>110-</strong></span> 
     </span>
    </p>
   </div>
   <div class='ocr_carea' id='block_1_9' title="bbox 485 906 2132 978">
    <p class='ocr_par' dir='ltr' id='par_1_9' title="bbox 485 906 2132 978">
     <span class='ocr_line' id='line_1_9' title="bbox 485 906 2132 978; baseline 0.001 -17"><span class='ocrx_word' id='word_1_60' title='bbox 485 906 666 973; x_wconf 88' lang='lat' dir='ltr'><strong>mine,</strong></span> <span class='ocrx_word' id='word_1_61' title='bbox 700 907 823 961; x_wconf 84' lang='lat' dir='ltr'><strong>dux</strong></span> <span class='ocrx_word' id='word_1_62' title='bbox 854 907 1141 978; x_wconf 85' lang='lat' dir='ltr'><strong>piissime,</strong></span> <span class='ocrx_word' id='word_1_63' title='bbox 1177 924 1497 962; x_wconf 75' lang='lat' dir='ltr'><strong>maeremus</strong></span> <span class='ocrx_word' id='word_1_64' title='bbox 1527 910 1793 964; x_wconf 89' lang='lat' dir='ltr'><strong>dolenter</strong></span> <span class='ocrx_word' id='word_1_65' title='bbox 1826 914 1875 963; x_wconf 92' lang='lat' dir='ltr'><strong>te</strong></span> <span class='ocrx_word' id='word_1_66' title='bbox 1920 924 2132 975; x_wconf 69' lang='lat' dir='ltr'><strong>aggra-</strong></span> 
     </span>
    </p>
   </div>
   <div class='ocr_carea' id='block_1_10' title="bbox 485 995 2134 1067">
    <p class='ocr_par' dir='ltr' id='par_1_10' title="bbox 485 995 2134 1067">
     <span class='ocr_line' id='line_1_10' title="bbox 485 995 2134 1067; baseline -0.002 -16"><span class='ocrx_word' id='word_1_67' title='bbox 485 996 613 1051; x_wconf 89' lang='lat' dir='ltr'><strong>vari</strong></span> <span class='ocrx_word' id='word_1_68' title='bbox 644 995 983 1050; x_wconf 83' lang='lat' dir='ltr'><strong>infirmitate</strong></span> <span class='ocrx_word' id='word_1_69' title='bbox 1018 1014 1029 1050; x_wconf 90' lang='lat'>:</span> <span class='ocrx_word' id='word_1_70' title='bbox 1065 995 1167 1049; x_wconf 90' lang='lat' dir='ltr'><strong>sed</strong></span> <span class='ocrx_word' id='word_1_71' title='bbox 1221 996 1334 1061; x_wconf 89' lang='lat' dir='ltr'><strong>dic,</strong></span> <span class='ocrx_word' id='word_1_72' title='bbox 1368 1012 1703 1067; x_wconf 75' lang='lat' dir='ltr'><strong>precamur,</strong></span> <span class='ocrx_word' id='word_1_73' title='bbox 1761 997 1955 1064; x_wconf 84' lang='lat' dir='ltr'><strong>nobis,</strong></span> <span class='ocrx_word' id='word_1_74' title='bbox 2001 996 2134 1066; x_wconf 82' lang='lat' dir='ltr'><strong>quis</strong></span> 
     </span>
    </p>
   </div>
   <div class='ocr_carea' id='block_1_11' title="bbox 489 1083 2133 1154">
    <p class='ocr_par' dir='ltr' id='par_1_11' title="bbox 489 1083 2133 1154">
     <span class='ocr_line' id='line_1_11' title="bbox 489 1083 2133 1154; baseline -0.001 -17"><span class='ocrx_word' id='word_1_75' title='bbox 489 1083 749 1138; x_wconf 82' lang='lat' dir='ltr'><strong>ﬁliorum</strong></span> <span class='ocrx_word' id='word_1_76' title='bbox 766 1087 1003 1138; x_wconf 91' lang='lat' dir='ltr'><strong>tuorum</strong></span> <span class='ocrx_word' id='word_1_77' title='bbox 1026 1084 1212 1138; x_wconf 73' lang='lat' dir='ltr'><strong>hzeres</strong></span> <span class='ocrx_word' id='word_1_78' title='bbox 1234 1085 1339 1139; x_wconf 89' lang='lat' dir='ltr'><strong>erit</strong></span> <span class='ocrx_word' id='word_1_79' title='bbox 1362 1085 1419 1139; x_wconf 92' lang='lat' dir='ltr'><strong>in</strong></span> <span class='ocrx_word' id='word_1_80' title='bbox 1453 1101 1637 1154; x_wconf 89' lang='lat' dir='ltr'><strong>regno</strong></span> <span class='ocrx_word' id='word_1_81' title='bbox 1659 1086 1713 1140; x_wconf 86' lang='lat' dir='ltr'><strong>di</strong></span> <span class='ocrx_word' id='word_1_82' title='bbox 1728 1086 1894 1139; x_wconf 78' lang='lat' dir='ltr'><strong>tionis</strong></span> <span class='ocrx_word' id='word_1_83' title='bbox 1924 1089 2038 1139; x_wconf 71' lang='lat' dir='ltr'><strong>tua:</strong></span> <span class='ocrx_word' id='word_1_84' title='bbox 2062 1086 2087 1138; x_wconf 84' lang='lat'><strong>?</strong></span> <span class='ocrx_word' id='word_1_85' title='bbox 2104 1103 2133 1135; x_wconf 84' lang='grc'><strong>›</strong></span> 
     </span>
    </p>
   </div>
   <div class='ocr_carea' id='block_1_12' title="bbox 489 1170 2134 1241">
    <p class='ocr_par' dir='ltr' id='par_1_12' title="bbox 489 1170 2134 1241">
     <span class='ocr_line' id='line_1_12' title="bbox 489 1170 2134 1241; baseline -0.001 -15"><span class='ocrx_word' id='word_1_86' title='bbox 489 1173 650 1226; x_wconf 88' lang='grc' dir='ltr'><strong>Τ11110</strong></span> <span class='ocrx_word' id='word_1_87' title='bbox 677 1170 771 1225; x_wconf 90' lang='lat' dir='ltr'><strong>ille</strong></span> <span class='ocrx_word' id='word_1_88' title='bbox 800 1188 811 1225; x_wconf 88' lang='lat'><strong>:</strong></span> <span class='ocrx_word' id='word_1_89' title='bbox 841 1193 868 1219; x_wconf 85' lang='grc'><strong>‹‹</strong></span> <span class='ocrx_word' id='word_1_90' title='bbox 905 1171 1015 1236; x_wconf 85' lang='lat' dir='ltr'><strong>Qui</strong></span> <span class='ocrx_word' id='word_1_91' title='bbox 1044 1171 1303 1239; x_wconf 82' lang='lat' dir='ltr'><strong>fungitur</strong></span> <span class='ocrx_word' id='word_1_92' title='bbox 1331 1189 1467 1227; x_wconf 90' lang='lat' dir='ltr'><strong>meo</strong></span> <span class='ocrx_word' id='word_1_93' title='bbox 1500 1173 1760 1241; x_wconf 88' lang='lat' dir='ltr'><strong>nomine,</strong></span> <span class='ocrx_word' id='word_1_94' title='bbox 1790 1172 1961 1226; x_wconf 80' lang='lat' dir='ltr'><strong>vestri</strong></span> <span class='ocrx_word' id='word_1_95' title='bbox 1993 1189 2134 1225; x_wconf 88' lang='lat' dir='ltr'><strong>con-</strong></span> 
     </span>
    </p>
   </div>
   <div class='ocr_carea' id='block_1_13' title="bbox 493 1258 2137 1332">
    <p class='ocr_par' dir='ltr' id='par_1_13' title="bbox 493 1258 2137 1332">
     <span class='ocr_line' id='line_1_13' title="bbox 493 1258 2137 1332; baseline 0 -19"><span class='ocrx_word' id='word_1_96' title='bbox 493 1258 602 1313; x_wconf 85' lang='lat' dir='ltr'><strong>silii</strong></span> <span class='ocrx_word' id='word_1_97' title='bbox 632 1260 996 1327; x_wconf 83' lang='lat' dir='ltr'><strong>auctoritate,</strong></span> <span class='ocrx_word' id='word_1_98' title='bbox 1031 1259 1153 1313; x_wconf 87' lang='lat' dir='ltr'><strong>dux</strong></span> <span class='ocrx_word' id='word_1_99' title='bbox 1200 1265 1256 1315; x_wconf 91' lang='lat' dir='ltr'><strong>et</strong></span> <span class='ocrx_word' id='word_1_100' title='bbox 1297 1277 1517 1327; x_wconf 89' lang='lat' dir='ltr'><strong>comes,</strong></span> <span class='ocrx_word' id='word_1_101' title='bbox 1548 1262 1852 1332; x_wconf 69' lang='lat' dir='ltr'><strong>hzeresqne</strong></span> <span class='ocrx_word' id='word_1_102' title='bbox 1894 1260 1995 1314; x_wconf 84' lang='lat' dir='ltr'><strong>erit</strong></span> <span class='ocrx_word' id='word_1_103' title='bbox 2027 1262 2137 1313; x_wconf 79' lang='lat' dir='ltr'><strong>liae-</strong></span> 
     </span>
    </p>
   </div>
   <div class='ocr_carea' id='block_1_14' title="bbox 491 1347 2135 1413">
    <p class='ocr_par' dir='ltr' id='par_1_14' title="bbox 491 1347 2135 1413">
     <span class='ocr_line' id='line_1_14' title="bbox 491 1347 2135 1413; baseline 0.001 -12"><span class='ocrx_word' id='word_1_104' title='bbox 491 1347 750 1402; x_wconf 89' lang='lat' dir='ltr'><strong>reditatis</strong></span> <span class='ocrx_word' id='word_1_105' title='bbox 804 1364 975 1402; x_wconf 64' lang='lat' dir='ltr'><strong>mere.</strong></span> <span class='ocrx_word' id='word_1_106' title='bbox 1006 1371 1034 1396; x_wconf 85' lang='grc'><strong>››</strong></span> <span class='ocrx_word' id='word_1_107' title='bbox 1084 1351 1243 1403; x_wconf 87' lang='grc' dir='ltr'><strong>Τι1110</strong></span> <span class='ocrx_word' id='word_1_108' title='bbox 1295 1366 1495 1404; x_wconf 83' lang='grc'><strong>0011108</strong></span> <span class='ocrx_word' id='word_1_109' title='bbox 1536 1350 1863 1404; x_wconf 78' lang='lat' dir='ltr'><strong>Rodulfus:</strong></span> <span class='ocrx_word' id='word_1_110' title='bbox 1923 1373 1945 1396; x_wconf 84' lang='grc'><em>‹‹</em></span> <span class='ocrx_word' id='word_1_111' title='bbox 1984 1348 2135 1413; x_wconf 70' lang='lat' dir='ltr'><strong>Quid</strong></span> 
     </span>
    </p>
   </div>
   <div class='ocr_carea' id='block_1_15' title="bbox 490 1437 2136 1512">
    <p class='ocr_par' dir='ltr' id='par_1_15' title="bbox 490 1437 2136 1512">
     <span class='ocr_line' id='line_1_15' title="bbox 490 1437 2136 1512; baseline 0.001 -21"><span class='ocrx_word' id='word_1_112' title='bbox 490 1437 563 1492; x_wconf 93' lang='lat' dir='ltr'><strong>de</strong></span> <span class='ocrx_word' id='word_1_113' title='bbox 595 1438 837 1505; x_wconf 69' lang='lat' dir='ltr'><strong>caeteris,</strong></span> <span class='ocrx_word' id='word_1_114' title='bbox 869 1438 1111 1492; x_wconf 86' lang='lat' dir='ltr'><strong>domine</strong></span> <span class='ocrx_word' id='word_1_115' title='bbox 1139 1441 1165 1493; x_wconf 71' lang='lat'><strong>‘2</strong></span> <span class='ocrx_word' id='word_1_116' title='bbox 1199 1463 1227 1488; x_wconf 84' lang='grc'><strong><em>››</em></strong></span> <span class='ocrx_word' id='word_1_117' title='bbox 1260 1440 1581 1512; x_wconf 80' lang='lat' dir='ltr'><strong>Respondit</strong></span> <span class='ocrx_word' id='word_1_118' title='bbox 1609 1463 1617 1491; x_wconf 93' lang='lat'><strong>-.</strong></span> <span class='ocrx_word' id='word_1_119' title='bbox 1669 1463 1694 1487; x_wconf 80' lang='grc'><strong>‹‹</strong></span> <span class='ocrx_word' id='word_1_120' title='bbox 1734 1440 1842 1494; x_wconf 85' lang='grc'><strong>11118</strong></span> <span class='ocrx_word' id='word_1_121' title='bbox 1887 1440 2003 1493; x_wconf 84' lang='grc'><strong>11101</strong></span> <span class='ocrx_word' id='word_1_122' title='bbox 2036 1438 2136 1492; x_wconf 88' lang='grc'><strong>11111</strong></span> 
     </span>
    </p>
   </div>
   <div class='ocr_carea' id='block_1_16' title="bbox 492 1526 2133 1593">
    <p class='ocr_par' dir='ltr' id='par_1_16' title="bbox 492 1526 2133 1593">
     <span class='ocr_line' id='line_1_16' title="bbox 492 1526 2133 1593; baseline 0.001 -15"><span class='ocrx_word' id='word_1_123' title='bbox 492 1526 769 1581; x_wconf 87' lang='lat' dir='ltr'><strong>Richardi</strong></span> <span class='ocrx_word' id='word_1_124' title='bbox 799 1532 1174 1582; x_wconf 88' lang='lat' dir='ltr'><strong>sacramento</strong></span> <span class='ocrx_word' id='word_1_125' title='bbox 1216 1545 1369 1583; x_wconf 80' lang='lat' dir='ltr'><strong>verae</strong></span> <span class='ocrx_word' id='word_1_126' title='bbox 1414 1529 1553 1582; x_wconf 87' lang='lat' dir='ltr'><strong>fidei</strong></span> <span class='ocrx_word' id='word_1_127' title='bbox 1581 1529 1855 1583; x_wconf 74' lang='lat' dir='ltr'><strong>fidelibus</strong></span> <span class='ocrx_word' id='word_1_128' title='bbox 1895 1528 2133 1593; x_wconf 80' lang='lat' dir='ltr'><strong>etl&#39;ectis,</strong></span> 
     </span>
    </p>
   </div>
   <div class='ocr_carea' id='block_1_17' title="bbox 490 1613 2134 1684">
    <p class='ocr_par' dir='ltr' id='par_1_17' title="bbox 490 1613 2134 1684">
     <span class='ocr_line' id='line_1_17' title="bbox 490 1613 2134 1684; baseline 0 -17"><span class='ocrx_word' id='word_1_129' title='bbox 490 1613 771 1668; x_wconf 87' lang='lat' dir='ltr'><strong>manibus</strong></span> <span class='ocrx_word' id='word_1_130' title='bbox 802 1613 1037 1669; x_wconf 87' lang='lat' dir='ltr'><strong>illorum</strong></span> <span class='ocrx_word' id='word_1_131' title='bbox 1069 1616 1197 1684; x_wconf 92' lang='lat' dir='ltr'><strong>ejus</strong></span> <span class='ocrx_word' id='word_1_132' title='bbox 1219 1615 1501 1670; x_wconf 89' lang='lat' dir='ltr'><strong>manibus</strong></span> <span class='ocrx_word' id='word_1_133' title='bbox 1533 1616 1655 1670; x_wconf 87' lang='lat' dir='ltr'><strong>vice</strong></span> <span class='ocrx_word' id='word_1_134' title='bbox 1706 1616 1903 1670; x_wconf 86' lang='lat' dir='ltr'><strong>cordis</strong></span> <span class='ocrx_word' id='word_1_135' title='bbox 1957 1616 2134 1682; x_wconf 84' lang='lat' dir='ltr'><strong>datis,</strong></span> 
     </span>
    </p>
   </div>
   <div class='ocr_carea' id='block_1_18' title="bbox 2240 463 3792 535">
    <p class='ocr_par' dir='ltr' id='par_1_18' title="bbox 2240 463 3792 535">
     <span class='ocr_line' id='line_1_18' title="bbox 2240 463 3792 535; baseline 0.001 -18"><span class='ocrx_word' id='word_1_136' title='bbox 2240 470 2441 519; x_wconf 85' lang='lat' dir='ltr'><strong>menta</strong></span> <span class='ocrx_word' id='word_1_137' title='bbox 2470 465 2921 535; x_wconf 72' lang='lat' dir='ltr'><strong>perstrepelmnt</strong></span> <span class='ocrx_word' id='word_1_138' title='bbox 2941 481 3041 534; x_wconf 85' lang='lat' dir='ltr'><strong>per</strong></span> <span class='ocrx_word' id='word_1_139' title='bbox 3064 463 3293 534; x_wconf 80' lang='lat' dir='ltr'><strong>plateas</strong></span> <span class='ocrx_word' id='word_1_140' title='bbox 3320 464 3579 518; x_wconf 90' lang='lat' dir='ltr'><strong>omnium</strong></span> <span class='ocrx_word' id='word_1_141' title='bbox 3608 466 3618 518; x_wconf 85' lang='lat' dir='ltr'><strong>l</strong></span> <span class='ocrx_word' id='word_1_142' title='bbox 3647 466 3792 521; x_wconf 38' lang='lat' dir='ltr'><strong>Chorux</strong></span> 
     </span>
    </p>
   </div>
   <div class='ocr_carea' id='block_1_19' title="bbox 2237 548 3817 635">
    <p class='ocr_par' dir='ltr' id='par_1_19' title="bbox 2237 548 3817 635">
     <span class='ocr_line' id='line_1_19' title="bbox 2237 548 3817 635; baseline 0.002 -28"><span class='ocrx_word' id='word_1_143' title='bbox 2237 569 2499 624; x_wconf 84' lang='lat' dir='ltr'><strong>namque</strong></span> <span class='ocrx_word' id='word_1_144' title='bbox 2535 554 2891 616; x_wconf 69' lang='lat' dir='ltr'><strong>singultibus</strong></span> <span class='ocrx_word' id='word_1_145' title='bbox 2921 554 3328 623; x_wconf 63' lang='lat' dir='ltr'><strong>lacrj’misque</strong></span> <span class='ocrx_word' id='word_1_146' title='bbox 3374 569 3681 609; x_wconf 88' lang='lat' dir='ltr'><strong>concussus</strong></span> <span class='ocrx_word' id='word_1_147' title='bbox 3704 548 3817 635; x_wconf 54' lang='grc' dir='ltr'><strong>Ῥείη-1</strong></span> 
     </span>
    </p>
   </div>
   <div class='ocr_carea' id='block_1_20' title="bbox 2240 641 3800 712">
    <p class='ocr_par' dir='ltr' id='par_1_20' title="bbox 2240 641 3800 712">
     <span class='ocr_line' id='line_1_20' title="bbox 2240 641 3800 712; baseline 0.001 -17"><span class='ocrx_word' id='word_1_148' title='bbox 2240 658 2369 695; x_wconf 85' lang='lat' dir='ltr'><strong>mos</strong></span> <span class='ocrx_word' id='word_1_149' title='bbox 2401 642 2774 706; x_wconf 83' lang='lat' dir='ltr'><strong>decantabat,</strong></span> <span class='ocrx_word' id='word_1_150' title='bbox 2810 658 3150 712; x_wconf 73' lang='lat' dir='ltr'><strong>agmenque</strong></span> <span class='ocrx_word' id='word_1_151' title='bbox 3180 641 3480 712; x_wconf 90' lang='lat' dir='ltr'><strong>plebeium</strong></span> <span class='ocrx_word' id='word_1_152' title='bbox 3508 642 3753 710; x_wconf 76' lang='lat' dir='ltr'><strong>lugubres</strong></span> <span class='ocrx_word' id='word_1_153' title='bbox 3772 646 3800 697; x_wconf 80' lang='lat' dir='ltr'><strong>i:</strong></span> 
     </span>
    </p>
   </div>
   <div class='ocr_carea' id='block_1_21' title="bbox 2240 730 3803 805">
    <p class='ocr_par' dir='ltr' id='par_1_21' title="bbox 2240 730 3803 805">
     <span class='ocr_line' id='line_1_21' title="bbox 2240 730 3803 805; baseline 0.001 -22"><span class='ocrx_word' id='word_1_154' title='bbox 2240 747 2374 784; x_wconf 88' lang='lat' dir='ltr'><strong>acre</strong></span> <span class='ocrx_word' id='word_1_155' title='bbox 2408 746 2579 783; x_wconf 83' lang='lat' dir='ltr'><strong>voces</strong></span> <span class='ocrx_word' id='word_1_156' title='bbox 2636 732 2974 797; x_wconf 78' lang='lat' dir='ltr'><strong>resonabat,</strong></span> <span class='ocrx_word' id='word_1_157' title='bbox 3024 730 3354 784; x_wconf 68' lang='lat' dir='ltr'><strong>Fiscanniae</strong></span> <span class='ocrx_word' id='word_1_158' title='bbox 3403 731 3550 786; x_wconf 87' lang='lat' dir='ltr'><strong>sedis</strong></span> <span class='ocrx_word' id='word_1_159' title='bbox 3588 733 3803 805; x_wconf 65' lang='lat' dir='ltr'><strong>oppidus</strong></span> 
     </span>
    </p>
   </div>
   <div class='ocr_carea' id='block_1_22' title="bbox 2240 819 3809 892">
    <p class='ocr_par' dir='ltr' id='par_1_22' title="bbox 2240 819 3809 892">
     <span class='ocr_line' id='line_1_22' title="bbox 2240 819 3809 892; baseline 0.001 -20"><span class='ocrx_word' id='word_1_160' title='bbox 2240 819 2570 872; x_wconf 74' lang='lat' dir='ltr'><strong>immensus</strong></span> <span class='ocrx_word' id='word_1_161' title='bbox 2597 819 2958 889; x_wconf 82' lang='lat' dir='ltr'><strong>populorum</strong></span> <span class='ocrx_word' id='word_1_162' title='bbox 2992 819 3245 881; x_wconf 70' lang='lat' dir='ltr'><strong>gemitus</strong></span> <span class='ocrx_word' id='word_1_163' title='bbox 3271 819 3588 889; x_wconf 85' lang='lat' dir='ltr'><strong>quatiebat,</strong></span> <span class='ocrx_word' id='word_1_164' title='bbox 3606 821 3809 892; x_wconf 75' lang='lat' dir='ltr'><strong>plangor-</strong></span> 
     </span>
    </p>
   </div>
   <div class='ocr_carea' id='block_1_23' title="bbox 2241 907 3813 981">
    <p class='ocr_par' dir='ltr' id='par_1_23' title="bbox 2241 907 3813 981">
     <span class='ocr_line' id='line_1_23' title="bbox 2241 907 3813 981; baseline 0.003 -22"><span class='ocrx_word' id='word_1_165' title='bbox 2241 924 2356 977; x_wconf 90' lang='lat' dir='ltr'><strong>que</strong></span> <span class='ocrx_word' id='word_1_166' title='bbox 2392 907 2721 960; x_wconf 87' lang='lat' dir='ltr'><strong>ululatunm</strong></span> <span class='ocrx_word' id='word_1_167' title='bbox 2749 907 2984 960; x_wconf 79' lang='lat' dir='ltr'><strong>culmen</strong></span> <span class='ocrx_word' id='word_1_168' title='bbox 3019 908 3255 977; x_wconf 67' lang='lat' dir='ltr'><strong>Olympi</strong></span> <span class='ocrx_word' id='word_1_169' title='bbox 3276 908 3565 973; x_wconf 74' lang='lat' dir='ltr'><strong>tangebat.</strong></span> <span class='ocrx_word' id='word_1_170' title='bbox 3598 911 3813 981; x_wconf 69' lang='lat' dir='ltr'><strong>Antiphc</strong></span> 
     </span>
    </p>
   </div>
   <div class='ocr_carea' id='block_1_24' title="bbox 2241 996 3818 1066">
    <p class='ocr_par' dir='ltr' id='par_1_24' title="bbox 2241 996 3818 1066">
     <span class='ocr_line' id='line_1_24' title="bbox 2241 996 3818 1066; baseline 0.002 -17"><span class='ocrx_word' id='word_1_171' title='bbox 2241 1012 2455 1050; x_wconf 88' lang='lat' dir='ltr'><strong>narum</strong></span> <span class='ocrx_word' id='word_1_172' title='bbox 2482 1012 2746 1066; x_wconf 86' lang='lat' dir='ltr'><strong>namque</strong></span> <span class='ocrx_word' id='word_1_173' title='bbox 2772 1002 3093 1050; x_wconf 84' lang='lat' dir='ltr'><strong>concentus</strong></span> <span class='ocrx_word' id='word_1_174' title='bbox 3111 996 3715 1054; x_wconf 86' lang='lat' dir='ltr'><strong>commistusluctibus</strong></span> <span class='ocrx_word' id='word_1_175' title='bbox 3734 1016 3818 1053; x_wconf 79' lang='lat' dir='ltr'><strong>eon-</strong></span> 
     </span>
    </p>
   </div>
   <div class='ocr_carea' id='block_1_25' title="bbox 2243 1085 3818 1156">
    <p class='ocr_par' dir='ltr' id='par_1_25' title="bbox 2243 1085 3818 1156">
     <span class='ocr_line' id='line_1_25' title="bbox 2243 1085 3818 1156; baseline 0.001 -17"><span class='ocrx_word' id='word_1_176' title='bbox 2243 1085 2523 1156; x_wconf 89' lang='lat' dir='ltr'><strong>crepabat</strong></span> <span class='ocrx_word' id='word_1_177' title='bbox 2574 1085 2633 1139; x_wconf 90' lang='lat' dir='ltr'><strong>in</strong></span> <span class='ocrx_word' id='word_1_178' title='bbox 2684 1086 2884 1153; x_wconf 86' lang='lat' dir='ltr'><strong>choro,</strong></span> <span class='ocrx_word' id='word_1_179' title='bbox 2936 1086 3331 1156; x_wconf 88' lang='lat' dir='ltr'><strong>planctusque</strong></span> <span class='ocrx_word' id='word_1_180' title='bbox 3385 1087 3818 1143; x_wconf 80' lang='lat' dir='ltr'><strong>Nortmannorum</strong></span> 
     </span>
    </p>
   </div>
   <div class='ocr_carea' id='block_1_26' title="bbox 2241 1173 3817 1231">
    <p class='ocr_par' dir='ltr' id='par_1_26' title="bbox 2241 1173 3817 1231">
     <span class='ocr_line' id='line_1_26' title="bbox 2241 1173 3817 1231; baseline 0.003 -4"><span class='ocrx_word' id='word_1_181' title='bbox 2241 1173 2561 1228; x_wconf 80' lang='lat' dir='ltr'><strong>resonabat</strong></span> <span class='ocrx_word' id='word_1_182' title='bbox 2584 1173 2643 1226; x_wconf 91' lang='lat' dir='ltr'><strong>in</strong></span> <span class='ocrx_word' id='word_1_183' title='bbox 2677 1173 2845 1227; x_wconf 72' lang='lat' dir='ltr'><strong>(&#39;(PlO.</strong></span> <span class='ocrx_word' id='word_1_184' title='bbox 2884 1177 3175 1227; x_wconf 69' lang='lat' dir='ltr'><strong>Funereos</strong></span> <span class='ocrx_word' id='word_1_185' title='bbox 3206 1178 3417 1228; x_wconf 88' lang='lat' dir='ltr'><strong>cantus</strong></span> <span class='ocrx_word' id='word_1_186' title='bbox 3445 1174 3631 1230; x_wconf 87' lang='lat' dir='ltr'><strong>clerus</strong></span> <span class='ocrx_word' id='word_1_187' title='bbox 3673 1177 3817 1231; x_wconf 71' lang='lat' dir='ltr'><strong>funde</strong></span> 
     </span>
    </p>
   </div>
   <div class='ocr_carea' id='block_1_27' title="bbox 2242 1261 3817 1337">
    <p class='ocr_par' dir='ltr' id='par_1_27' title="bbox 2242 1261 3817 1337">
     <span class='ocr_line' id='line_1_27' title="bbox 2242 1261 3817 1337; baseline 0.002 -22"><span class='ocrx_word' id='word_1_188' title='bbox 2242 1261 2343 1315; x_wconf 88' lang='lat' dir='ltr'><strong>bat</strong></span> <span class='ocrx_word' id='word_1_189' title='bbox 2376 1279 2479 1333; x_wconf 88' lang='lat' dir='ltr'><strong>per</strong></span> <span class='ocrx_word' id='word_1_190' title='bbox 2503 1262 2785 1323; x_wconf 75' lang='lat' dir='ltr'><strong>tramites,</strong></span> <span class='ocrx_word' id='word_1_191' title='bbox 2820 1263 3197 1332; x_wconf 83' lang='lat' dir='ltr'><strong>ululatusque</strong></span> <span class='ocrx_word' id='word_1_192' title='bbox 3220 1262 3599 1319; x_wconf 84' lang='lat' dir='ltr'><strong>intolerabilis</strong></span> <span class='ocrx_word' id='word_1_193' title='bbox 3630 1272 3745 1321; x_wconf 82' lang='lat' dir='ltr'><strong>erat</strong></span> <span class='ocrx_word' id='word_1_194' title='bbox 3766 1282 3817 1337; x_wconf 82' lang='lat' dir='ltr'><strong>pe</strong></span> 
     </span>
    </p>
   </div>
   <div class='ocr_carea' id='block_1_28' title="bbox 2245 1350 3817 1419">
    <p class='ocr_par' dir='ltr' id='par_1_28' title="bbox 2245 1350 3817 1419">
     <span class='ocr_line' id='line_1_28' title="bbox 2245 1350 3817 1419; baseline 0.003 -17"><span class='ocrx_word' id='word_1_195' title='bbox 2245 1356 2487 1404; x_wconf 86' lang='lat' dir='ltr'><strong>cunctas</strong></span> <span class='ocrx_word' id='word_1_196' title='bbox 2536 1351 2712 1404; x_wconf 64' lang='lat' dir='ltr'><strong>aules.</strong></span> <span class='ocrx_word' id='word_1_197' title='bbox 2766 1350 3242 1405; x_wconf 67' lang='lat' dir='ltr'><strong>Northmannicae</strong></span> <span class='ocrx_word' id='word_1_198' title='bbox 3289 1351 3540 1419; x_wconf 73' lang='lat' dir='ltr'><strong>regionis</strong></span> <span class='ocrx_word' id='word_1_199' title='bbox 3591 1354 3817 1409; x_wconf 88' lang='lat' dir='ltr'><strong>stabati</strong></span> 
     </span>
    </p>
   </div>
   <div class='ocr_carea' id='block_1_29' title="bbox 2244 1438 3818 1511">
    <p class='ocr_par' dir='ltr' id='par_1_29' title="bbox 2244 1438 3818 1511">
     <span class='ocr_line' id='line_1_29' title="bbox 2244 1438 3818 1511; baseline 0.004 -20"><span class='ocrx_word' id='word_1_200' title='bbox 2244 1438 2415 1492; x_wconf 79' lang='lat' dir='ltr'><strong>biviis</strong></span> <span class='ocrx_word' id='word_1_201' title='bbox 2448 1439 2677 1507; x_wconf 87' lang='lat' dir='ltr'><strong>ejulans</strong></span> <span class='ocrx_word' id='word_1_202' title='bbox 2708 1440 3103 1510; x_wconf 82' lang='lat' dir='ltr'><strong>populositas,</strong></span> <span class='ocrx_word' id='word_1_203' title='bbox 3136 1455 3441 1511; x_wconf 86' lang='lat' dir='ltr'><strong>vagasque</strong></span> <span class='ocrx_word' id='word_1_204' title='bbox 3466 1440 3754 1497; x_wconf 85' lang='lat' dir='ltr'><strong>ﬂebilibus</strong></span> <span class='ocrx_word' id='word_1_205' title='bbox 3777 1459 3818 1497; x_wconf 73' lang='lat' dir='ltr'><strong>vt</strong></span> 
     </span>
    </p>
   </div>
   <div class='ocr_carea' id='block_1_30' title="bbox 2244 1528 3817 1602">
    <p class='ocr_par' dir='ltr' id='par_1_30' title="bbox 2244 1528 3817 1602">
     <span class='ocr_line' id='line_1_30' title="bbox 2244 1528 3817 1602; baseline 0.002 -22"><span class='ocrx_word' id='word_1_206' title='bbox 2244 1528 2413 1581; x_wconf 83' lang='lat' dir='ltr'><strong>cibus</strong></span> <span class='ocrx_word' id='word_1_207' title='bbox 2462 1528 2747 1598; x_wconf 84' lang='lat' dir='ltr'><strong>implebat</strong></span> <span class='ocrx_word' id='word_1_208' title='bbox 2788 1544 2984 1581; x_wconf 75' lang='lat' dir='ltr'><strong>auras.</strong></span> <span class='ocrx_word' id='word_1_209' title='bbox 3043 1528 3162 1582; x_wconf 87' lang='lat' dir='ltr'><strong>Tali</strong></span> <span class='ocrx_word' id='word_1_210' title='bbox 3205 1544 3467 1599; x_wconf 84' lang='lat' dir='ltr'><strong>namque</strong></span> <span class='ocrx_word' id='word_1_211' title='bbox 3518 1532 3817 1602; x_wconf 65' lang='lat' dir='ltr'><strong>constipati</strong></span> 
     </span>
    </p>
   </div>
   <div class='ocr_carea' id='block_1_31' title="bbox 2245 1616 3818 1689">
    <p class='ocr_par' dir='ltr' id='par_1_31' title="bbox 2245 1616 3818 1689">
     <span class='ocr_line' id='line_1_31' title="bbox 2245 1616 3818 1689; baseline 0.003 -21"><span class='ocrx_word' id='word_1_212' title='bbox 2245 1621 2501 1677; x_wconf 86' lang='lat' dir='ltr'><strong>caterva,</strong></span> <span class='ocrx_word' id='word_1_213' title='bbox 2536 1616 2753 1686; x_wconf 87' lang='lat' dir='ltr'><strong>talique</strong></span> <span class='ocrx_word' id='word_1_214' title='bbox 2785 1617 3035 1669; x_wconf 80' lang='lat' dir='ltr'><strong>vallatus</strong></span> <span class='ocrx_word' id='word_1_215' title='bbox 3061 1632 3307 1686; x_wconf 88' lang='lat' dir='ltr'><strong>pompa,</strong></span> <span class='ocrx_word' id='word_1_216' title='bbox 3341 1633 3551 1689; x_wconf 86' lang='lat' dir='ltr'><strong>corpus</strong></span> <span class='ocrx_word' id='word_1_217' title='bbox 3596 1619 3818 1675; x_wconf 67' lang='lat' dir='ltr'><strong>ferebam</strong></span> 
     </span>
    </p>
   </div>
   <div class='ocr_carea' id='block_1_32' title="bbox 490 1701 3818 1776">
    <p class='ocr_par' dir='ltr' id='par_1_32' title="bbox 490 1701 3818 1776">
     <span class='ocr_line' id='line_1_32' title="bbox 490 1701 3818 1776; baseline 0.002 -21"><span class='ocrx_word' id='word_1_218' title='bbox 490 1701 768 1770; x_wconf 79' lang='lat' dir='ltr'><strong>largietur</strong></span> <span class='ocrx_word' id='word_1_219' title='bbox 799 1706 1016 1756; x_wconf 86' lang='lat' dir='ltr'><strong>terram</strong></span> <span class='ocrx_word' id='word_1_220' title='bbox 1065 1719 1253 1774; x_wconf 90' lang='lat' dir='ltr'><strong>quam</strong></span> <span class='ocrx_word' id='word_1_221' title='bbox 1296 1704 1785 1759; x_wconf 86' lang='lat' dir='ltr'><strong>demonstravero</strong></span> <span class='ocrx_word' id='word_1_222' title='bbox 1837 1704 1960 1769; x_wconf 87' lang='lat' dir='ltr'><strong>tibi,</strong></span> <span class='ocrx_word' id='word_1_223' title='bbox 2016 1720 2138 1773; x_wconf 88' lang='lat' dir='ltr'><strong>qua</strong></span> <span class='ocrx_word' id='word_1_224' title='bbox 2169 1723 2208 1774; x_wconf 78' lang='grc' dir='ltr'><strong>Β</strong></span> <span class='ocrx_word' id='word_1_225' title='bbox 2245 1706 2319 1759; x_wconf 91' lang='lat' dir='ltr'><strong>ad</strong></span> <span class='ocrx_word' id='word_1_226' title='bbox 2354 1704 2714 1774; x_wconf 76' lang='lat' dir='ltr'><strong>sepulcrum,</strong></span> <span class='ocrx_word' id='word_1_227' title='bbox 2748 1705 3029 1774; x_wconf 88' lang='lat' dir='ltr'><strong>chorique</strong></span> <span class='ocrx_word' id='word_1_228' title='bbox 3054 1704 3467 1775; x_wconf 64' lang='lat' dir='ltr'><strong>praecedebant</strong></span> <span class='ocrx_word' id='word_1_229' title='bbox 3488 1706 3818 1776; x_wconf 75' lang='lat' dir='ltr'><strong>psallentium</strong></span> 
     </span>
    </p>
   </div>
   <div class='ocr_carea' id='block_1_33' title="bbox 490 1791 2137 1863">
    <p class='ocr_par' dir='ltr' id='par_1_33' title="bbox 490 1791 2137 1863">
     <span class='ocr_line' id='line_1_33' title="bbox 490 1791 2137 1863; baseline 0.002 -20"><span class='ocrx_word' id='word_1_230' title='bbox 490 1791 684 1845; x_wconf 83' lang='lat' dir='ltr'><strong>vivere</strong></span> <span class='ocrx_word' id='word_1_231' title='bbox 717 1791 1039 1846; x_wconf 72' lang='lat' dir='ltr'><strong>honorifice</strong></span> <span class='ocrx_word' id='word_1_232' title='bbox 1067 1793 1314 1862; x_wconf 84' lang='lat' dir='ltr'><strong>possint.</strong></span> <span class='ocrx_word' id='word_1_233' title='bbox 1350 1816 1373 1841; x_wconf 89' lang='grc'><strong>››</strong></span> <span class='ocrx_word' id='word_1_234' title='bbox 1417 1794 1559 1847; x_wconf 83' lang='lat' dir='ltr'><strong>Hine</strong></span> <span class='ocrx_word' id='word_1_235' title='bbox 1590 1809 1874 1863; x_wconf 85' lang='lat' dir='ltr'><strong>namque,</strong></span> <span class='ocrx_word' id='word_1_236' title='bbox 1923 1793 2137 1847; x_wconf 87' lang='lat' dir='ltr'><strong>morbo</strong></span> 
     </span>
    </p>
   </div>
   <div class='ocr_carea' id='block_1_34' title="bbox 491 1879 2135 1951">
    <p class='ocr_par' dir='ltr' id='par_1_34' title="bbox 491 1879 2135 1951">
     <span class='ocr_line' id='line_1_34' title="bbox 491 1879 2135 1951; baseline 0.001 -19"><span class='ocrx_word' id='word_1_237' title='bbox 491 1879 891 1945; x_wconf 86' lang='lat' dir='ltr'><strong>crudescente,</strong></span> <span class='ocrx_word' id='word_1_238' title='bbox 925 1886 1232 1951; x_wconf 74' lang='lat' dir='ltr'><strong>coeperunt</strong></span> <span class='ocrx_word' id='word_1_239' title='bbox 1261 1882 1735 1935; x_wconf 66' lang='lat' dir='ltr'><strong>Northmannieae</strong></span> <span class='ocrx_word' id='word_1_240' title='bbox 1768 1882 1943 1935; x_wconf 87' lang='lat' dir='ltr'><strong>urbes</strong></span> <span class='ocrx_word' id='word_1_241' title='bbox 1977 1888 2135 1934; x_wconf 87' lang='lat' dir='ltr'><strong>metu</strong></span> 
     </span>
    </p>
   </div>
   <div class='ocr_carea' id='block_1_35' title="bbox 492 1967 2133 2040">
    <p class='ocr_par' dir='ltr' id='par_1_35' title="bbox 492 1967 2133 2040">
     <span class='ocr_line' id='line_1_35' title="bbox 492 1967 2133 2040; baseline 0 -18"><span class='ocrx_word' id='word_1_242' title='bbox 492 1967 804 2038; x_wconf 89' lang='lat' dir='ltr'><strong>trepidare,</strong></span> <span class='ocrx_word' id='word_1_243' title='bbox 838 1968 1425 2040; x_wconf 86' lang='lat' dir='ltr'><strong>ineompescibilique</strong></span> <span class='ocrx_word' id='word_1_244' title='bbox 1454 1969 1616 2023; x_wconf 91' lang='lat' dir='ltr'><strong>luctu</strong></span> <span class='ocrx_word' id='word_1_245' title='bbox 1642 1970 1859 2023; x_wconf 72' lang='lat' dir='ltr'><strong>etelum</strong></span> <span class='ocrx_word' id='word_1_246' title='bbox 1880 1970 2133 2040; x_wconf 81' lang='lat' dir='ltr'><strong>pulsare,</strong></span> 
     </span>
    </p>
   </div>
   <div class='ocr_carea' id='block_1_36' title="bbox 492 2056 2135 2131">
    <p class='ocr_par' dir='ltr' id='par_1_36' title="bbox 492 2056 2135 2131">
     <span class='ocr_line' id='line_1_36' title="bbox 492 2056 2135 2131; baseline 0.001 -21"><span class='ocrx_word' id='word_1_247' title='bbox 492 2056 741 2127; x_wconf 87' lang='lat' dir='ltr'><strong>diraque</strong></span> <span class='ocrx_word' id='word_1_248' title='bbox 771 2057 1083 2128; x_wconf 88' lang='lat' dir='ltr'><strong>trepidatio</strong></span> <span class='ocrx_word' id='word_1_249' title='bbox 1115 2074 1218 2128; x_wconf 89' lang='lat' dir='ltr'><strong>per</strong></span> <span class='ocrx_word' id='word_1_250' title='bbox 1242 2058 1526 2131; x_wconf 83' lang='lat' dir='ltr'><strong>ancipites</strong></span> <span class='ocrx_word' id='word_1_251' title='bbox 1570 2060 2135 2123; x_wconf 83' lang='lat' dir='ltr'><strong>Northmannorum,</strong></span> 
     </span>
    </p>
   </div>
   <div class='ocr_carea' id='block_1_37' title="bbox 495 2144 2137 2217">
    <p class='ocr_par' dir='ltr' id='par_1_37' title="bbox 495 2144 2137 2217">
     <span class='ocr_line' id='line_1_37' title="bbox 495 2144 2137 2217; baseline 0.001 -19"><span class='ocrx_word' id='word_1_252' title='bbox 495 2144 543 2198; x_wconf 91' lang='lat' dir='ltr'><strong>si</strong></span> <span class='ocrx_word' id='word_1_253' title='bbox 572 2145 717 2199; x_wconf 86' lang='lat' dir='ltr'><strong>forte</strong></span> <span class='ocrx_word' id='word_1_254' title='bbox 748 2145 1150 2211; x_wconf 88' lang='lat' dir='ltr'><strong>occumberet,</strong></span> <span class='ocrx_word' id='word_1_255' title='bbox 1181 2152 1408 2201; x_wconf 89' lang='lat' dir='ltr'><strong>mentes</strong></span> <span class='ocrx_word' id='word_1_256' title='bbox 1431 2163 1663 2201; x_wconf 89' lang='lat' dir='ltr'><strong>currere</strong></span> <span class='ocrx_word' id='word_1_257' title='bbox 1694 2166 1705 2200; x_wconf 88' lang='lat'><strong>:</strong></span> <span class='ocrx_word' id='word_1_258' title='bbox 1742 2147 2137 2217; x_wconf 82' lang='lat' dir='ltr'><strong>petebantque</strong></span> 
     </span>
    </p>
   </div>
   <div class='ocr_carea' id='block_1_38' title="bbox 496 2232 2139 2303">
    <p class='ocr_par' dir='ltr' id='par_1_38' title="bbox 496 2232 2139 2303">
     <span class='ocr_line' id='line_1_38' title="bbox 496 2232 2139 2303; baseline 0.001 -17"><span class='ocrx_word' id='word_1_259' title='bbox 496 2232 680 2286; x_wconf 92' lang='lat' dir='ltr'><strong>nimio</strong></span> <span class='ocrx_word' id='word_1_260' title='bbox 714 2233 940 2287; x_wconf 89' lang='lat' dir='ltr'><strong>ululatu</strong></span> <span class='ocrx_word' id='word_1_261' title='bbox 966 2239 1019 2287; x_wconf 90' lang='lat' dir='ltr'><strong>et</strong></span> <span class='ocrx_word' id='word_1_262' title='bbox 1052 2234 1277 2303; x_wconf 88' lang='lat' dir='ltr'><strong>ejulatu</strong></span> <span class='ocrx_word' id='word_1_263' title='bbox 1326 2234 1533 2289; x_wconf 89' lang='lat' dir='ltr'><strong>ﬂentes</strong></span> <span class='ocrx_word' id='word_1_264' title='bbox 1579 2236 1778 2289; x_wconf 89' lang='lat' dir='ltr'><strong>aulam</strong></span> <span class='ocrx_word' id='word_1_265' title='bbox 1832 2235 1984 2288; x_wconf 84' lang='lat' dir='ltr'><strong>sedis</strong></span> <span class='ocrx_word' id='word_1_266' title='bbox 2035 2234 2139 2288; x_wconf 76' lang='lat' dir='ltr'><strong>Fis-</strong></span> 
     </span>
    </p>
   </div>
   <div class='ocr_carea' id='block_1_39' title="bbox 498 2321 2138 2390">
    <p class='ocr_par' dir='ltr' id='par_1_39' title="bbox 498 2321 2138 2390">
     <span class='ocr_line' id='line_1_39' title="bbox 498 2321 2138 2390; baseline 0 -15"><span class='ocrx_word' id='word_1_267' title='bbox 498 2321 705 2375; x_wconf 67' lang='lat' dir='ltr'><strong>canize.</strong></span> <span class='ocrx_word' id='word_1_268' title='bbox 739 2324 866 2375; x_wconf 90' lang='lat' dir='ltr'><strong>Dux</strong></span> <span class='ocrx_word' id='word_1_269' title='bbox 916 2338 1051 2376; x_wconf 80' lang='lat' dir='ltr'><strong>vero</strong></span> <span class='ocrx_word' id='word_1_270' title='bbox 1101 2338 1358 2390; x_wconf 85' lang='lat' dir='ltr'><strong>magnus</strong></span> <span class='ocrx_word' id='word_1_271' title='bbox 1412 2324 1735 2377; x_wconf 79' lang='lat' dir='ltr'><strong>Richardus</strong></span> <span class='ocrx_word' id='word_1_272' title='bbox 1786 2323 2138 2378; x_wconf 77' lang='lat' dir='ltr'><strong>inﬁrmitatis</strong></span> 
     </span>
    </p>
   </div>
   <div class='ocr_carea' id='block_1_40' title="bbox 497 2409 2139 2481">
    <p class='ocr_par' dir='ltr' id='par_1_40' title="bbox 497 2409 2139 2481">
     <span class='ocr_line' id='line_1_40' title="bbox 497 2409 2139 2481; baseline 0.001 -19"><span class='ocrx_word' id='word_1_273' title='bbox 497 2414 856 2477; x_wconf 84' lang='lat' dir='ltr'><strong>aggravatus</strong></span> <span class='ocrx_word' id='word_1_274' title='bbox 910 2409 1374 2481; x_wconf 86' lang='lat' dir='ltr'><strong>importunitate,</strong></span> <span class='ocrx_word' id='word_1_275' title='bbox 1436 2411 1622 2465; x_wconf 91' lang='lat' dir='ltr'><strong>cilicio</strong></span> <span class='ocrx_word' id='word_1_276' title='bbox 1669 2412 1931 2479; x_wconf 80' lang='lat' dir='ltr'><strong>indutus,</strong></span> <span class='ocrx_word' id='word_1_277' title='bbox 1976 2410 2139 2465; x_wconf 91' lang='lat' dir='ltr'><strong>nudo</strong></span> 
     </span>
    </p>
   </div>
   <div class='ocr_carea' id='block_1_41' title="bbox 496 2497 2139 2571">
    <p class='ocr_par' dir='ltr' id='par_1_41' title="bbox 496 2497 2139 2571">
     <span class='ocr_line' id='line_1_41' title="bbox 496 2497 2139 2571; baseline 0 -18"><span class='ocrx_word' id='word_1_278' title='bbox 496 2497 669 2571; x_wconf 90' lang='lat' dir='ltr'><strong>pede,</strong></span> <span class='ocrx_word' id='word_1_279' title='bbox 702 2497 867 2569; x_wconf 90' lang='lat' dir='ltr'><strong>petiit</strong></span> <span class='ocrx_word' id='word_1_280' title='bbox 890 2497 1207 2554; x_wconf 87' lang='lat' dir='ltr'><strong>delubrum</strong></span> <span class='ocrx_word' id='word_1_281' title='bbox 1238 2500 1527 2555; x_wconf 89' lang='lat' dir='ltr'><strong>Trinitatis</strong></span> <span class='ocrx_word' id='word_1_282' title='bbox 1573 2501 1819 2569; x_wconf 81' lang='lat' dir='ltr'><strong>deiiicue,</strong></span> <span class='ocrx_word' id='word_1_283' title='bbox 1875 2500 2139 2553; x_wconf 75' lang='lat' dir='ltr'><strong>diversa-</strong></span> 
     </span>
    </p>
   </div>
   <div class='ocr_carea' id='block_1_42' title="bbox 495 2585 2141 2659">
    <p class='ocr_par' dir='ltr' id='par_1_42' title="bbox 495 2585 2141 2659">
     <span class='ocr_line' id='line_1_42' title="bbox 495 2585 2141 2659; baseline -0.001 -19"><span class='ocrx_word' id='word_1_284' title='bbox 495 2602 611 2659; x_wconf 90' lang='lat' dir='ltr'><strong>que</strong></span> <span class='ocrx_word' id='word_1_285' title='bbox 642 2585 822 2651; x_wconf 82' lang='lat' dir='ltr'><strong>(lona,</strong></span> <span class='ocrx_word' id='word_1_286' title='bbox 867 2587 1149 2657; x_wconf 89' lang='lat' dir='ltr'><strong>variaque</strong></span> <span class='ocrx_word' id='word_1_287' title='bbox 1194 2605 1447 2643; x_wconf 90' lang='lat' dir='ltr'><strong>munera</strong></span> <span class='ocrx_word' id='word_1_288' title='bbox 1486 2594 1542 2642; x_wconf 90' lang='lat' dir='ltr'><strong>et</strong></span> <span class='ocrx_word' id='word_1_289' title='bbox 1591 2590 1846 2659; x_wconf 86' lang='lat' dir='ltr'><strong>pretiosa</strong></span> <span class='ocrx_word' id='word_1_290' title='bbox 1904 2588 2141 2641; x_wconf 74' lang='lat' dir='ltr'><strong>mittens</strong></span> 
     </span>
    </p>
   </div>
   <div class='ocr_carea' id='block_1_43' title="bbox 496 2675 2139 2748">
    <p class='ocr_par' dir='ltr' id='par_1_43' title="bbox 496 2675 2139 2748">
     <span class='ocr_line' id='line_1_43' title="bbox 496 2675 2139 2748; baseline -0.001 -19"><span class='ocrx_word' id='word_1_291' title='bbox 496 2692 674 2746; x_wconf 88' lang='lat' dir='ltr'><strong>super</strong></span> <span class='ocrx_word' id='word_1_292' title='bbox 702 2675 902 2741; x_wconf 88' lang='lat' dir='ltr'><strong>altare,</strong></span> <span class='ocrx_word' id='word_1_293' title='bbox 934 2676 1208 2747; x_wconf 89' lang='lat' dir='ltr'><strong>perfusus</strong></span> <span class='ocrx_word' id='word_1_294' title='bbox 1239 2677 1449 2732; x_wconf 84' lang='lat' dir='ltr'><strong>faciem</strong></span> <span class='ocrx_word' id='word_1_295' title='bbox 1481 2677 1885 2748; x_wconf 68' lang='lat' dir='ltr'><strong>lacrymarum</strong></span> <span class='ocrx_word' id='word_1_296' title='bbox 1928 2676 2139 2744; x_wconf 89' lang='lat' dir='ltr'><strong>imbre,</strong></span> 
     </span>
    </p>
   </div>
   <div class='ocr_carea' id='block_1_44' title="bbox 497 2764 2142 2837">
    <p class='ocr_par' dir='ltr' id='par_1_44' title="bbox 497 2764 2142 2837">
     <span class='ocr_line' id='line_1_44' title="bbox 497 2764 2142 2837; baseline 0.001 -20"><span class='ocrx_word' id='word_1_297' title='bbox 497 2764 747 2836; x_wconf 76' lang='lat' dir='ltr'><strong>supplex</strong></span> <span class='ocrx_word' id='word_1_298' title='bbox 794 2769 850 2819; x_wconf 87' lang='lat' dir='ltr'><strong>et</strong></span> <span class='ocrx_word' id='word_1_299' title='bbox 902 2765 1150 2820; x_wconf 87' lang='lat' dir='ltr'><strong>devotus</strong></span> <span class='ocrx_word' id='word_1_300' title='bbox 1194 2766 1547 2836; x_wconf 89' lang='lat' dir='ltr'><strong>ﬂebilisque,</strong></span> <span class='ocrx_word' id='word_1_301' title='bbox 1603 2766 1833 2836; x_wconf 78' lang='lat' dir='ltr'><strong>excepit</strong></span> <span class='ocrx_word' id='word_1_302' title='bbox 1882 2766 2142 2837; x_wconf 81' lang='lat' dir='ltr'><strong>typicam</strong></span> 
     </span>
    </p>
   </div>
   <div class='ocr_carea' id='block_1_45' title="bbox 497 2853 2140 2925">
    <p class='ocr_par' dir='ltr' id='par_1_45' title="bbox 497 2853 2140 2925">
     <span class='ocr_line' id='line_1_45' title="bbox 497 2853 2140 2925; baseline 0 -18"><span class='ocrx_word' id='word_1_303' title='bbox 497 2853 778 2909; x_wconf 82' lang='lat' dir='ltr'><strong>salutiferi</strong></span> <span class='ocrx_word' id='word_1_304' title='bbox 827 2853 1024 2908; x_wconf 86' lang='lat' dir='ltr'><strong>viatici</strong></span> <span class='ocrx_word' id='word_1_305' title='bbox 1068 2854 1302 2925; x_wconf 85' lang='lat' dir='ltr'><strong>stipem,</strong></span> <span class='ocrx_word' id='word_1_306' title='bbox 1335 2855 1686 2924; x_wconf 81' lang='lat' dir='ltr'><strong>adjumenta</strong></span> <span class='ocrx_word' id='word_1_307' title='bbox 1733 2853 1960 2908; x_wconf 90' lang='lat' dir='ltr'><strong>ocilicet</strong></span> <span class='ocrx_word' id='word_1_308' title='bbox 2012 2854 2140 2907; x_wconf 65' lang='lat' dir='ltr'><strong>viae.</strong></span> 
     </span>
    </p>
   </div>
   <div class='ocr_carea' id='block_1_46' title="bbox 495 2942 2140 2998">
    <p class='ocr_par' dir='ltr' id='par_1_46' title="bbox 495 2942 2140 2998">
     <span class='ocr_line' id='line_1_46' title="bbox 495 2942 2140 2998; baseline -0.001 -2"><span class='ocrx_word' id='word_1_309' title='bbox 495 2945 656 2997; x_wconf 92' lang='lat' dir='ltr'><strong>Tunc</strong></span> <span class='ocrx_word' id='word_1_310' title='bbox 702 2958 905 2997; x_wconf 87' lang='lat' dir='ltr'><strong>comes</strong></span> <span class='ocrx_word' id='word_1_311' title='bbox 956 2942 1247 2997; x_wconf 83' lang='lat' dir='ltr'><strong>Rodulfus</strong></span> <span class='ocrx_word' id='word_1_312' title='bbox 1299 2943 1448 2998; x_wconf 90' lang='lat' dir='ltr'><strong>dixit</strong></span> <span class='ocrx_word' id='word_1_313' title='bbox 1492 2944 1569 2998; x_wconf 87' lang='lat' dir='ltr'><strong>ad</strong></span> <span class='ocrx_word' id='word_1_314' title='bbox 1628 2959 1767 2998; x_wconf 89' lang='lat' dir='ltr'><strong>eum</strong></span> <span class='ocrx_word' id='word_1_315' title='bbox 1819 2943 2140 2997; x_wconf 87' lang='lat' dir='ltr'><strong>secretius:</strong></span> 
     </span>
    </p>
   </div>
   <div class='ocr_carea' id='block_1_47' title="bbox 499 3028 2216 3119">
    <p class='ocr_par' dir='ltr' id='par_1_47' title="bbox 499 3028 2216 3119">
     <span class='ocr_line' id='line_1_47' title="bbox 499 3028 2216 3119; baseline 0.002 -39"><span class='ocrx_word' id='word_1_316' title='bbox 499 3050 524 3078; x_wconf 83' lang='grc'><strong>‹‹</strong></span> <span class='ocrx_word' id='word_1_317' title='bbox 561 3028 827 3095; x_wconf 86' lang='lat' dir='ltr'><strong>Domine,</strong></span> <span class='ocrx_word' id='word_1_318' title='bbox 876 3044 1005 3119; x_wconf 90' lang='lat' dir='ltr'><strong>quo</strong></span> <span class='ocrx_word' id='word_1_319' title='bbox 1047 3029 1179 3119; x_wconf 86' lang='lat' dir='ltr'><strong>loco</strong></span> <span class='ocrx_word' id='word_1_320' title='bbox 1226 3030 1432 3102; x_wconf 88' lang='lat' dir='ltr'><strong>templi</strong></span> <span class='ocrx_word' id='word_1_321' title='bbox 1472 3031 1907 3101; x_wconf 72' lang='lat' dir='ltr'><strong>praeparabitur</strong></span> <span class='ocrx_word' id='word_1_322' title='bbox 1950 3030 2144 3101; x_wconf 88' lang='lat' dir='ltr'><strong>sepul-</strong></span> <span class='ocrx_word' id='word_1_323' title='bbox 2177 3065 2216 3119; x_wconf 61' lang='grc' dir='ltr'><strong>ϐ</strong></span> 
     </span>
    </p>
   </div>
   <div class='ocr_carea' id='block_1_48' title="bbox 499 3117 2144 3190">
    <p class='ocr_par' dir='ltr' id='par_1_48' title="bbox 499 3117 2144 3190">
     <span class='ocr_line' id='line_1_48' title="bbox 499 3117 2144 3190; baseline 0 -18"><span class='ocrx_word' id='word_1_324' title='bbox 499 3134 668 3172; x_wconf 90' lang='lat' dir='ltr'><strong>crum</strong></span> <span class='ocrx_word' id='word_1_325' title='bbox 698 3121 812 3171; x_wconf 66' lang='lat' dir='ltr'><strong>tuas</strong></span> <span class='ocrx_word' id='word_1_326' title='bbox 844 3117 1166 3188; x_wconf 77' lang='lat' dir='ltr'><strong>requiei?»</strong></span> <span class='ocrx_word' id='word_1_327' title='bbox 1218 3119 1540 3190; x_wconf 85' lang='lat' dir='ltr'><strong>Respondit</strong></span> <span class='ocrx_word' id='word_1_328' title='bbox 1570 3138 1581 3173; x_wconf 87' lang='lat'><strong>:</strong></span> <span class='ocrx_word' id='word_1_329' title='bbox 1642 3120 1959 3176; x_wconf 84' lang='lat' dir='ltr'><strong>«Cadaver</strong></span> <span class='ocrx_word' id='word_1_330' title='bbox 2001 3120 2144 3175; x_wconf 88' lang='lat' dir='ltr'><strong>tanti</strong></span> 
     </span>
    </p>
   </div>
   <div class='ocr_carea' id='block_1_49' title="bbox 499 3205 2141 3279">
    <p class='ocr_par' dir='ltr' id='par_1_49' title="bbox 499 3205 2141 3279">
     <span class='ocr_line' id='line_1_49' title="bbox 499 3205 2141 3279; baseline 0.001 -19"><span class='ocrx_word' id='word_1_331' title='bbox 499 3205 735 3260; x_wconf 89' lang='lat' dir='ltr'><strong>sceleris</strong></span> <span class='ocrx_word' id='word_1_332' title='bbox 767 3221 888 3259; x_wconf 92' lang='lat' dir='ltr'><strong>non</strong></span> <span class='ocrx_word' id='word_1_333' title='bbox 916 3205 1244 3276; x_wconf 88' lang='lat' dir='ltr'><strong>requiescet</strong></span> <span class='ocrx_word' id='word_1_334' title='bbox 1272 3206 1428 3263; x_wconf 87' lang='lat' dir='ltr'><strong>infra</strong></span> <span class='ocrx_word' id='word_1_335' title='bbox 1457 3206 1683 3262; x_wconf 89' lang='lat' dir='ltr'><strong>aditum</strong></span> <span class='ocrx_word' id='word_1_336' title='bbox 1715 3209 1892 3279; x_wconf 87' lang='lat' dir='ltr'><strong>hujus</strong></span> <span class='ocrx_word' id='word_1_337' title='bbox 1919 3208 2141 3279; x_wconf 88' lang='lat' dir='ltr'><strong>templi,</strong></span> 
     </span>
    </p>
   </div>
   <div class='ocr_carea' id='block_1_50' title="bbox 501 3293 2146 3352">
    <p class='ocr_par' dir='ltr' id='par_1_50' title="bbox 501 3293 2146 3352">
     <span class='ocr_line' id='line_1_50' title="bbox 501 3293 2146 3352; baseline 0.002 -3"><span class='ocrx_word' id='word_1_338' title='bbox 501 3294 605 3349; x_wconf 90' lang='lat' dir='ltr'><strong>sed</strong></span> <span class='ocrx_word' id='word_1_339' title='bbox 636 3293 713 3348; x_wconf 90' lang='lat' dir='ltr'><strong>ad</strong></span> <span class='ocrx_word' id='word_1_340' title='bbox 744 3293 905 3348; x_wconf 90' lang='lat' dir='ltr'><strong>istud</strong></span> <span class='ocrx_word' id='word_1_341' title='bbox 939 3293 1157 3348; x_wconf 91' lang='lat' dir='ltr'><strong>ostium</strong></span> <span class='ocrx_word' id='word_1_342' title='bbox 1198 3294 1260 3349; x_wconf 89' lang='lat' dir='ltr'><strong>in</strong></span> <span class='ocrx_word' id='word_1_343' title='bbox 1304 3295 1573 3350; x_wconf 88' lang='lat' dir='ltr'><strong>stilicidio</strong></span> <span class='ocrx_word' id='word_1_344' title='bbox 1622 3297 1968 3352; x_wconf 82' lang='lat' dir='ltr'><strong>Monasterii.</strong></span> <span class='ocrx_word' id='word_1_345' title='bbox 2000 3320 2024 3346; x_wconf 87' lang='grc'><strong>››</strong></span> <span class='ocrx_word' id='word_1_346' title='bbox 2055 3300 2146 3352; x_wconf 89' lang='lat' dir='ltr'><strong>Se-</strong></span> 
     </span>
    </p>
   </div>
   <div class='ocr_carea' id='block_1_51' title="bbox 496 3384 2142 3456">
    <p class='ocr_par' dir='ltr' id='par_1_51' title="bbox 496 3384 2142 3456">
     <span class='ocr_line' id='line_1_51' title="bbox 496 3384 2142 3456; baseline 0.001 -20"><span class='ocrx_word' id='word_1_347' title='bbox 496 3384 715 3454; x_wconf 89' lang='lat' dir='ltr'><strong>quente</strong></span> <span class='ocrx_word' id='word_1_348' title='bbox 742 3396 1005 3454; x_wconf 88' lang='lat' dir='ltr'><strong>namque</strong></span> <span class='ocrx_word' id='word_1_349' title='bbox 1035 3389 1207 3439; x_wconf 90' lang='lat' dir='ltr'><strong>nocte</strong></span> <span class='ocrx_word' id='word_1_350' title='bbox 1235 3388 1563 3456; x_wconf 88' lang='lat' dir='ltr'><strong>carpuntur</strong></span> <span class='ocrx_word' id='word_1_351' title='bbox 1611 3385 1982 3441; x_wconf 86' lang='lat' dir='ltr'><strong>sanctissima</strong></span> <span class='ocrx_word' id='word_1_352' title='bbox 2015 3387 2142 3456; x_wconf 80' lang='lat' dir='ltr'><strong>ejus</strong></span> 
     </span>
    </p>
   </div>
   <div class='ocr_carea' id='block_1_52' title="bbox 500 3468 2144 3545">
    <p class='ocr_par' dir='ltr' id='par_1_52' title="bbox 500 3468 2144 3545">
     <span class='ocr_line' id='line_1_52' title="bbox 500 3468 2144 3545; baseline 0.004 -22"><span class='ocrx_word' id='word_1_353' title='bbox 500 3469 774 3525; x_wconf 89' lang='lat' dir='ltr'><strong>membra</strong></span> <span class='ocrx_word' id='word_1_354' title='bbox 824 3468 980 3526; x_wconf 83' lang='lat' dir='ltr'><strong>facili</strong></span> <span class='ocrx_word' id='word_1_355' title='bbox 1020 3471 1246 3539; x_wconf 90' lang='lat' dir='ltr'><strong>dolore,</strong></span> <span class='ocrx_word' id='word_1_356' title='bbox 1295 3471 1644 3545; x_wconf 85' lang='lat' dir='ltr'><strong>invaditque</strong></span> <span class='ocrx_word' id='word_1_357' title='bbox 1691 3473 1885 3529; x_wconf 88' lang='lat' dir='ltr'><strong>acrius</strong></span> <span class='ocrx_word' id='word_1_358' title='bbox 1940 3479 2144 3530; x_wconf 88' lang='lat' dir='ltr'><strong>tenues</strong></span> 
     </span>
    </p>
   </div>
   <div class='ocr_carea' id='block_1_53' title="bbox 499 3558 2147 3635">
    <p class='ocr_par' dir='ltr' id='par_1_53' title="bbox 499 3558 2147 3635">
     <span class='ocr_line' id='line_1_53' title="bbox 499 3558 2147 3635; baseline 0.003 -21"><span class='ocrx_word' id='word_1_359' title='bbox 499 3558 791 3614; x_wconf 88' lang='lat' dir='ltr'><strong>medullas</strong></span> <span class='ocrx_word' id='word_1_360' title='bbox 820 3560 1200 3632; x_wconf 83' lang='lat' dir='ltr'><strong>penetrabilis</strong></span> <span class='ocrx_word' id='word_1_361' title='bbox 1238 3562 1657 3635; x_wconf 82' lang='lat' dir='ltr'><strong>mortiferaque</strong></span> <span class='ocrx_word' id='word_1_362' title='bbox 1688 3563 1953 3620; x_wconf 88' lang='lat' dir='ltr'><strong>ﬂamma.</strong></span> <span class='ocrx_word' id='word_1_363' title='bbox 1987 3567 2147 3620; x_wconf 90' lang='lat' dir='ltr'><strong>Jam-</strong></span> 
     </span>
    </p>
   </div>
   <div class='ocr_carea' id='block_1_54' title="bbox 499 3649 2146 3724">
    <p class='ocr_par' dir='ltr' id='par_1_54' title="bbox 499 3649 2146 3724">
     <span class='ocr_line' id='line_1_54' title="bbox 499 3649 2146 3724; baseline 0.002 -21"><span class='ocrx_word' id='word_1_364' title='bbox 499 3665 615 3721; x_wconf 90' lang='lat' dir='ltr'><strong>que</strong></span> <span class='ocrx_word' id='word_1_365' title='bbox 640 3649 844 3721; x_wconf 86' lang='lat' dir='ltr'><strong>pedes,</strong></span> <span class='ocrx_word' id='word_1_366' title='bbox 865 3650 1117 3723; x_wconf 88' lang='lat' dir='ltr'><strong>jamque</strong></span> <span class='ocrx_word' id='word_1_367' title='bbox 1147 3651 1351 3706; x_wconf 87' lang='lat' dir='ltr'><strong>mollia</strong></span> <span class='ocrx_word' id='word_1_368' title='bbox 1380 3667 1553 3707; x_wconf 89' lang='lat' dir='ltr'><strong>crura</strong></span> <span class='ocrx_word' id='word_1_369' title='bbox 1583 3656 1839 3724; x_wconf 86' lang='lat' dir='ltr'><strong>torpent,</strong></span> <span class='ocrx_word' id='word_1_370' title='bbox 1890 3657 1945 3708; x_wconf 93' lang='lat' dir='ltr'><strong>et</strong></span> <span class='ocrx_word' id='word_1_371' title='bbox 1993 3653 2146 3707; x_wconf 90' lang='grc'><strong>001111</strong></span> 
     </span>
    </p>
   </div>
   <div class='ocr_carea' id='block_1_55' title="bbox 499 3737 2147 3810">
    <p class='ocr_par' dir='ltr' id='par_1_55' title="bbox 499 3737 2147 3810">
     <span class='ocr_line' id='line_1_55' title="bbox 499 3737 2147 3810; baseline 0.002 -18"><span class='ocrx_word' id='word_1_372' title='bbox 499 3737 863 3793; x_wconf 89' lang='lat' dir='ltr'><strong>moribundo</strong></span> <span class='ocrx_word' id='word_1_373' title='bbox 892 3754 1141 3810; x_wconf 89' lang='lat' dir='ltr'><strong>corpore</strong></span> <span class='ocrx_word' id='word_1_374' title='bbox 1168 3739 1474 3809; x_wconf 80' lang='lat' dir='ltr'><strong>languent,</strong></span> <span class='ocrx_word' id='word_1_375' title='bbox 1499 3740 1707 3797; x_wconf 88' lang='lat' dir='ltr'><strong>labant</strong></span> <span class='ocrx_word' id='word_1_376' title='bbox 1729 3748 1940 3798; x_wconf 87' lang='lat' dir='ltr'><strong>cuncta</strong></span> <span class='ocrx_word' id='word_1_377' title='bbox 1961 3759 2147 3797; x_wconf 90' lang='lat' dir='ltr'><strong>mem-</strong></span> 
     </span>
    </p>
   </div>
   <div class='ocr_carea' id='block_1_56' title="bbox 500 3828 2149 3903">
    <p class='ocr_par' dir='ltr' id='par_1_56' title="bbox 500 3828 2149 3903">
     <span class='ocr_line' id='line_1_56' title="bbox 500 3828 2149 3903; baseline 0.002 -22"><span class='ocrx_word' id='word_1_378' title='bbox 500 3829 649 3897; x_wconf 86' lang='lat' dir='ltr'><strong>bra;</strong></span> <span class='ocrx_word' id='word_1_379' title='bbox 706 3828 810 3882; x_wconf 89' lang='lat' dir='ltr'><strong>sed</strong></span> <span class='ocrx_word' id='word_1_380' title='bbox 866 3846 1037 3883; x_wconf 89' lang='lat' dir='ltr'><strong>mens</strong></span> <span class='ocrx_word' id='word_1_381' title='bbox 1096 3831 1282 3884; x_wconf 89' lang='lat' dir='ltr'><strong>Deum</strong></span> <span class='ocrx_word' id='word_1_382' title='bbox 1334 3830 1535 3894; x_wconf 90' lang='lat' dir='ltr'><strong>cernit,</strong></span> <span class='ocrx_word' id='word_1_383' title='bbox 1591 3831 1871 3903; x_wconf 89' lang='lat' dir='ltr'><strong>cupitque</strong></span> <span class='ocrx_word' id='word_1_384' title='bbox 1930 3832 2149 3887; x_wconf 84' lang='lat' dir='ltr'><strong>saecula</strong></span> 
     </span>
    </p>
   </div>
   <div class='ocr_carea' id='block_1_57' title="bbox 503 3916 2150 3990">
    <p class='ocr_par' dir='ltr' id='par_1_57' title="bbox 503 3916 2150 3990">
     <span class='ocr_line' id='line_1_57' title="bbox 503 3916 2150 3990; baseline 0.004 -21"><span class='ocrx_word' id='word_1_385' title='bbox 503 3919 743 3969; x_wconf 67' lang='lat' dir='ltr'><strong>aeterna.</strong></span> <span class='ocrx_word' id='word_1_386' title='bbox 778 3918 949 3971; x_wconf 69' lang='lat' dir='ltr'><strong>(lente</strong></span> <span class='ocrx_word' id='word_1_387' title='bbox 979 3920 1331 3971; x_wconf 88' lang='lat' dir='ltr'><strong>cunctorum</strong></span> <span class='ocrx_word' id='word_1_388' title='bbox 1362 3920 1419 3973; x_wconf 88' lang='lat' dir='ltr'><strong>et</strong></span> <span class='ocrx_word' id='word_1_389' title='bbox 1465 3916 1643 3973; x_wconf 88' lang='lat' dir='ltr'><strong>facies</strong></span> <span class='ocrx_word' id='word_1_390' title='bbox 1696 3920 2150 3990; x_wconf 88' lang='lat' dir='ltr'><strong>complebantur</strong></span> 
     </span>
    </p>
   </div>
   <div class='ocr_carea' id='block_1_58' title="bbox 504 4002 2149 4078">
    <p class='ocr_par' dir='ltr' id='par_1_58' title="bbox 504 4002 2149 4078">
     <span class='ocr_line' id='line_1_58' title="bbox 504 4002 2149 4078; baseline 0.004 -21"><span class='ocrx_word' id='word_1_391' title='bbox 504 4002 805 4073; x_wconf 81' lang='lat' dir='ltr'><strong>lacrymis,</strong></span> <span class='ocrx_word' id='word_1_392' title='bbox 856 4019 1179 4075; x_wconf 82' lang='lat' dir='ltr'><strong>vocemque</strong></span> <span class='ocrx_word' id='word_1_393' title='bbox 1204 4004 1475 4059; x_wconf 90' lang='lat' dir='ltr'><strong>omnium</strong></span> <span class='ocrx_word' id='word_1_394' title='bbox 1507 4008 1840 4078; x_wconf 86' lang='lat' dir='ltr'><strong>occupabat</strong></span> <span class='ocrx_word' id='word_1_395' title='bbox 1857 4009 2149 4077; x_wconf 82' lang='lat' dir='ltr'><strong>singultus</strong></span> 
     </span>
    </p>
   </div>
   <div class='ocr_carea' id='block_1_59' title="bbox 507 4090 2148 4166">
    <p class='ocr_par' dir='ltr' id='par_1_59' title="bbox 507 4090 2148 4166">
     <span class='ocr_line' id='line_1_59' title="bbox 507 4090 2148 4166; baseline 0.004 -21"><span class='ocrx_word' id='word_1_396' title='bbox 507 4090 889 4147; x_wconf 87' lang='lat' dir='ltr'><strong>intolerabilis</strong></span> <span class='ocrx_word' id='word_1_397' title='bbox 922 4111 935 4148; x_wconf 88' lang='lat'><strong>:</strong></span> <span class='ocrx_word' id='word_1_398' title='bbox 964 4094 1255 4149; x_wconf 72' lang='lat' dir='ltr'><strong>haerentes</strong></span> <span class='ocrx_word' id='word_1_399' title='bbox 1281 4093 1497 4163; x_wconf 81' lang='lat' dir='ltr'><strong>linguae</strong></span> <span class='ocrx_word' id='word_1_400' title='bbox 1522 4096 1941 4166; x_wconf 88' lang='lat' dir='ltr'><strong>quatiebantur</strong></span> <span class='ocrx_word' id='word_1_401' title='bbox 1961 4098 2148 4152; x_wconf 89' lang='lat' dir='ltr'><strong>visce-</strong></span> 
     </span>
    </p>
   </div>
   <div class='ocr_carea' id='block_1_60' title="bbox 507 4180 2151 4260">
    <p class='ocr_par' dir='ltr' id='par_1_60' title="bbox 507 4180 2151 4260">
     <span class='ocr_line' id='line_1_60' title="bbox 507 4180 2151 4260; baseline 0.005 -26"><span class='ocrx_word' id='word_1_402' title='bbox 507 4180 672 4235; x_wconf 89' lang='lat' dir='ltr'><strong>ribus</strong></span> <span class='ocrx_word' id='word_1_403' title='bbox 713 4182 1046 4254; x_wconf 87' lang='lat' dir='ltr'><strong>commotis,</strong></span> <span class='ocrx_word' id='word_1_404' title='bbox 1097 4182 1311 4254; x_wconf 81' lang='lat' dir='ltr'><strong>vixque</strong></span> <span class='ocrx_word' id='word_1_405' title='bbox 1368 4199 1563 4260; x_wconf 83' lang='lat' dir='ltr'><strong>sermo</strong></span> <span class='ocrx_word' id='word_1_406' title='bbox 1609 4184 2151 4257; x_wconf 89' lang='lat' dir='ltr'><strong>interrumpebatur</strong></span> 
     </span>
    </p>
   </div>
   <div class='ocr_carea' id='block_1_61' title="bbox 507 4269 2147 4347">
    <p class='ocr_par' dir='ltr' id='par_1_61' title="bbox 507 4269 2147 4347">
     <span class='ocr_line' id='line_1_61' title="bbox 507 4269 2147 4347; baseline 0.003 -24"><span class='ocrx_word' id='word_1_407' title='bbox 507 4269 909 4341; x_wconf 88' lang='lat' dir='ltr'><strong>quatientibus</strong></span> <span class='ocrx_word' id='word_1_408' title='bbox 935 4272 1250 4341; x_wconf 82' lang='lat' dir='ltr'><strong>gemitibus</strong></span> <span class='ocrx_word' id='word_1_409' title='bbox 1274 4271 1601 4329; x_wconf 89' lang='lat' dir='ltr'><strong>immensis.</strong></span> <span class='ocrx_word' id='word_1_410' title='bbox 1640 4273 1733 4329; x_wconf 88' lang='lat' dir='ltr'><strong>Ille</strong></span> <span class='ocrx_word' id='word_1_411' title='bbox 1765 4290 1904 4329; x_wconf 88' lang='lat' dir='ltr'><strong>vero</strong></span> <span class='ocrx_word' id='word_1_412' title='bbox 1927 4275 2147 4347; x_wconf 89' lang='lat' dir='ltr'><strong>suppli-</strong></span> 
     </span>
    </p>
   </div>
   <div class='ocr_carea' id='block_1_62' title="bbox 507 4358 2148 4431">
    <p class='ocr_par' dir='ltr' id='par_1_62' title="bbox 507 4358 2148 4431">
     <span class='ocr_line' id='line_1_62' title="bbox 507 4358 2148 4431; baseline 0.002 -17"><span class='ocrx_word' id='word_1_413' title='bbox 507 4358 679 4415; x_wconf 86' lang='lat' dir='ltr'><strong>cibus</strong></span> <span class='ocrx_word' id='word_1_414' title='bbox 707 4359 890 4414; x_wconf 88' lang='lat' dir='ltr'><strong>oculis</strong></span> <span class='ocrx_word' id='word_1_415' title='bbox 913 4360 990 4415; x_wconf 87' lang='lat' dir='ltr'><strong>ad</strong></span> <span class='ocrx_word' id='word_1_416' title='bbox 1020 4360 1236 4417; x_wconf 74' lang='lat' dir='ltr'><strong>coelum</strong></span> <span class='ocrx_word' id='word_1_417' title='bbox 1261 4377 1399 4416; x_wconf 86' lang='lat' dir='ltr'><strong>cum</strong></span> <span class='ocrx_word' id='word_1_418' title='bbox 1425 4362 1704 4418; x_wconf 87' lang='lat' dir='ltr'><strong>manibus</strong></span> <span class='ocrx_word' id='word_1_419' title='bbox 1724 4363 1987 4431; x_wconf 86' lang='lat' dir='ltr'><strong>elevatis,</strong></span> <span class='ocrx_word' id='word_1_420' title='bbox 2011 4364 2148 4419; x_wconf 90' lang='lat' dir='ltr'><strong>taci-</strong></span> 
     </span>
    </p>
   </div>
   <div class='ocr_carea' id='block_1_63' title="bbox 508 4448 2148 4523">
    <p class='ocr_par' dir='ltr' id='par_1_63' title="bbox 508 4448 2148 4523">
     <span class='ocr_line' id='line_1_63' title="bbox 508 4448 2148 4523; baseline 0.004 -20"><span class='ocrx_word' id='word_1_421' title='bbox 508 4453 723 4520; x_wconf 85' lang='lat' dir='ltr'><strong>tusque</strong></span> <span class='ocrx_word' id='word_1_422' title='bbox 763 4448 907 4505; x_wconf 79' lang='lat' dir='ltr'><strong>votis</strong></span> <span class='ocrx_word' id='word_1_423' title='bbox 932 4454 987 4506; x_wconf 93' lang='lat' dir='ltr'><strong>et</strong></span> <span class='ocrx_word' id='word_1_424' title='bbox 1014 4450 1291 4522; x_wconf 87' lang='lat' dir='ltr'><strong>precibus</strong></span> <span class='ocrx_word' id='word_1_425' title='bbox 1340 4451 1680 4523; x_wconf 89' lang='lat' dir='ltr'><strong>suppliciter</strong></span> <span class='ocrx_word' id='word_1_426' title='bbox 1724 4452 1891 4522; x_wconf 88' lang='lat' dir='ltr'><strong>fusis,</strong></span> <span class='ocrx_word' id='word_1_427' title='bbox 1941 4453 2041 4508; x_wconf 89' lang='lat' dir='ltr'><strong>vix</strong></span> <span class='ocrx_word' id='word_1_428' title='bbox 2086 4454 2148 4509; x_wconf 89' lang='lat' dir='ltr'><strong>in</strong></span> 
     </span>
    </p>
   </div>
   <div class='ocr_carea' id='block_1_64' title="bbox 512 4541 2147 4612">
    <p class='ocr_par' dir='ltr' id='par_1_64' title="bbox 512 4541 2147 4612">
     <span class='ocr_line' id='line_1_64' title="bbox 512 4541 2147 4612; baseline 0.003 -20"><span class='ocrx_word' id='word_1_429' title='bbox 512 4554 717 4593; x_wconf 87' lang='lat' dir='ltr'><strong>vocem</strong></span> <span class='ocrx_word' id='word_1_430' title='bbox 746 4554 1141 4612; x_wconf 82' lang='lat' dir='ltr'><strong>prorumpens</strong></span> <span class='ocrx_word' id='word_1_431' title='bbox 1172 4541 1287 4597; x_wconf 87' lang='lat' dir='ltr'><strong>ait:</strong></span> <span class='ocrx_word' id='word_1_432' title='bbox 1330 4563 1355 4590; x_wconf 78' lang='grc' dir='ltr'>α</span> <span class='ocrx_word' id='word_1_433' title='bbox 1382 4546 1447 4597; x_wconf 85' lang='lat' dir='ltr'><strong>In</strong></span> <span class='ocrx_word' id='word_1_434' title='bbox 1474 4558 1693 4597; x_wconf 89' lang='lat' dir='ltr'><strong>manus</strong></span> <span class='ocrx_word' id='word_1_435' title='bbox 1724 4546 1874 4607; x_wconf 85' lang='lat' dir='ltr'><strong>tuas,</strong></span> <span class='ocrx_word' id='word_1_436' title='bbox 1906 4543 2147 4610; x_wconf 86' lang='lat' dir='ltr'><strong>Christe,</strong></span> 
     </span>
    </p>
   </div>
   <div class='ocr_carea' id='block_1_65' title="bbox 507 4627 2151 4702">
    <p class='ocr_par' dir='ltr' id='par_1_65' title="bbox 507 4627 2151 4702">
     <span class='ocr_line' id='line_1_65' title="bbox 507 4627 2151 4702; baseline 0.002 -19"><span class='ocrx_word' id='word_1_437' title='bbox 507 4627 867 4683; x_wconf 88' lang='lat' dir='ltr'><strong>commendo</strong></span> <span class='ocrx_word' id='word_1_438' title='bbox 897 4629 1168 4700; x_wconf 86' lang='lat' dir='ltr'><strong>spiritum</strong></span> <span class='ocrx_word' id='word_1_439' title='bbox 1206 4645 1427 4686; x_wconf 87' lang='lat' dir='ltr'><strong>meum.</strong></span> <span class='ocrx_word' id='word_1_440' title='bbox 1462 4651 1490 4680; x_wconf 85' lang='lat'><strong>»</strong></span> <span class='ocrx_word' id='word_1_441' title='bbox 1520 4631 1676 4687; x_wconf 92' lang='lat' dir='ltr'><strong>lllico</strong></span> <span class='ocrx_word' id='word_1_442' title='bbox 1700 4631 1853 4687; x_wconf 91' lang='lat' dir='ltr'><strong>inter</strong></span> <span class='ocrx_word' id='word_1_443' title='bbox 1879 4632 2151 4702; x_wconf 89' lang='lat' dir='ltr'><strong>hujusce-</strong></span> 
     </span>
    </p>
   </div>
   <div class='ocr_carea' id='block_1_66' title="bbox 507 4715 2151 4791">
    <p class='ocr_par' dir='ltr' id='par_1_66' title="bbox 507 4715 2151 4791">
     <span class='ocr_line' id='line_1_66' title="bbox 507 4715 2151 4791; baseline 0.002 -20"><span class='ocrx_word' id='word_1_444' title='bbox 507 4715 675 4771; x_wconf 89' lang='lat' dir='ltr'><strong>modi</strong></span> <span class='ocrx_word' id='word_1_445' title='bbox 702 4720 908 4772; x_wconf 88' lang='lat' dir='ltr'><strong>votum</strong></span> <span class='ocrx_word' id='word_1_446' title='bbox 938 4716 1159 4774; x_wconf 89' lang='lat' dir='ltr'><strong>efﬂavit</strong></span> <span class='ocrx_word' id='word_1_447' title='bbox 1189 4718 1634 4774; x_wconf 84' lang='lat' dir='ltr'><strong>sanctissimum</strong></span> <span class='ocrx_word' id='word_1_448' title='bbox 1678 4719 1969 4791; x_wconf 89' lang='lat' dir='ltr'><strong>spiritum.</strong></span> <span class='ocrx_word' id='word_1_449' title='bbox 2006 4722 2151 4775; x_wconf 90' lang='lat' dir='ltr'><strong>San-</strong></span> 
     </span>
    </p>
   </div>
   <div class='ocr_carea' id='block_1_67' title="bbox 509 4806 2155 4879">
    <p class='ocr_par' dir='ltr' id='par_1_67' title="bbox 509 4806 2155 4879">
     <span class='ocr_line' id='line_1_67' title="bbox 509 4806 2155 4879; baseline 0.001 -20"><span class='ocrx_word' id='word_1_450' title='bbox 509 4808 604 4860; x_wconf 87' lang='lat' dir='ltr'><strong>cta</strong></span> <span class='ocrx_word' id='word_1_451' title='bbox 617 4820 881 4877; x_wconf 88' lang='lat' dir='ltr'><strong>namque</strong></span> <span class='ocrx_word' id='word_1_452' title='bbox 904 4806 1034 4876; x_wconf 87' lang='lat' dir='ltr'><strong>ejus</strong></span> <span class='ocrx_word' id='word_1_453' title='bbox 1064 4806 1267 4862; x_wconf 88' lang='lat' dir='ltr'><strong>anima</strong></span> <span class='ocrx_word' id='word_1_454' title='bbox 1304 4812 1507 4879; x_wconf 88' lang='lat' dir='ltr'><strong>erepta</strong></span> <span class='ocrx_word' id='word_1_455' title='bbox 1535 4810 1732 4863; x_wconf 84' lang='lat' dir='ltr'><strong>carnis</strong></span> <span class='ocrx_word' id='word_1_456' title='bbox 1761 4807 2015 4875; x_wconf 86' lang='lat' dir='ltr'><strong>sarcina,</strong></span> <span class='ocrx_word' id='word_1_457' title='bbox 2049 4812 2155 4863; x_wconf 87' lang='lat' dir='ltr'><strong>ter-</strong></span> 
     </span>
    </p>
   </div>
   <div class='ocr_carea' id='block_1_68' title="bbox 509 4892 2153 4968">
    <p class='ocr_par' dir='ltr' id='par_1_68' title="bbox 509 4892 2153 4968">
     <span class='ocr_line' id='line_1_68' title="bbox 509 4892 2153 4968; baseline 0.001 -19"><span class='ocrx_word' id='word_1_458' title='bbox 509 4892 786 4964; x_wconf 84' lang='lat' dir='ltr'><strong>renisque</strong></span> <span class='ocrx_word' id='word_1_459' title='bbox 816 4895 1105 4965; x_wconf 79' lang='lat' dir='ltr'><strong>pressaris</strong></span> <span class='ocrx_word' id='word_1_460' title='bbox 1133 4895 1399 4963; x_wconf 86' lang='lat' dir='ltr'><strong>liberata,</strong></span> <span class='ocrx_word' id='word_1_461' title='bbox 1428 4896 1681 4968; x_wconf 70' lang='lat' dir='ltr'><strong>laetaque</strong></span> <span class='ocrx_word' id='word_1_462' title='bbox 1712 4895 1791 4951; x_wconf 87' lang='lat' dir='ltr'><strong>ad</strong></span> <span class='ocrx_word' id='word_1_463' title='bbox 1815 4911 1993 4951; x_wconf 90' lang='lat' dir='ltr'><strong>suum</strong></span> <span class='ocrx_word' id='word_1_464' title='bbox 2035 4903 2153 4951; x_wconf 78' lang='lat' dir='ltr'><strong>Au-</strong></span> 
     </span>
    </p>
   </div>
   <div class='ocr_carea' id='block_1_69' title="bbox 510 4982 2154 5052">
    <p class='ocr_par' dir='ltr' id='par_1_69' title="bbox 510 4982 2154 5052">
     <span class='ocr_line' id='line_1_69' title="bbox 510 4982 2154 5052; baseline 0.002 -14"><span class='ocrx_word' id='word_1_465' title='bbox 510 4985 699 5039; x_wconf 85' lang='lat' dir='ltr'><strong>torem</strong></span> <span class='ocrx_word' id='word_1_466' title='bbox 729 4982 1005 5052; x_wconf 76' lang='lat' dir='ltr'><strong>migrate.</strong></span> <span class='ocrx_word' id='word_1_467' title='bbox 1030 4983 1221 5039; x_wconf 87' lang='lat' dir='ltr'><strong>luctus</strong></span> <span class='ocrx_word' id='word_1_468' title='bbox 1261 4983 1624 5040; x_wconf 79' lang='lat' dir='ltr'><strong>famulorum</strong></span> <span class='ocrx_word' id='word_1_469' title='bbox 1652 4984 1712 5038; x_wconf 89' lang='lat' dir='ltr'><strong>in</strong></span> <span class='ocrx_word' id='word_1_470' title='bbox 1743 4984 1893 5038; x_wconf 79' lang='lat' dir='ltr'><strong>ccelo</strong></span> <span class='ocrx_word' id='word_1_471' title='bbox 1912 5001 2154 5041; x_wconf 86' lang='lat' dir='ltr'><strong>resona-</strong></span> 
     </span>
    </p>
   </div>
   <div class='ocr_carea' id='block_1_70' title="bbox 509 5068 2156 5143">
    <p class='ocr_par' dir='ltr' id='par_1_70' title="bbox 509 5068 2156 5143">
     <span class='ocr_line' id='line_1_70' title="bbox 509 5068 2156 5143; baseline 0.002 -19"><span class='ocrx_word' id='word_1_472' title='bbox 509 5068 630 5125; x_wconf 87' lang='lat' dir='ltr'><strong>bat.</strong></span> <span class='ocrx_word' id='word_1_473' title='bbox 666 5069 823 5125; x_wconf 90' lang='lat' dir='ltr'><strong>lllico</strong></span> <span class='ocrx_word' id='word_1_474' title='bbox 844 5075 1040 5125; x_wconf 89' lang='lat' dir='ltr'><strong>tantus</strong></span> <span class='ocrx_word' id='word_1_475' title='bbox 1066 5071 1243 5141; x_wconf 88' lang='lat' dir='ltr'><strong>hujus</strong></span> <span class='ocrx_word' id='word_1_476' title='bbox 1271 5071 1541 5140; x_wconf 83' lang='lat' dir='ltr'><strong>lugubris</strong></span> <span class='ocrx_word' id='word_1_477' title='bbox 1571 5070 1779 5125; x_wconf 88' lang='lat' dir='ltr'><strong>damni</strong></span> <span class='ocrx_word' id='word_1_478' title='bbox 1820 5087 2027 5127; x_wconf 86' lang='lat' dir='ltr'><strong>rumor</strong></span> <span class='ocrx_word' id='word_1_479' title='bbox 2049 5088 2156 5143; x_wconf 91' lang='lat' dir='ltr'><strong>per</strong></span> 
     </span>
    </p>
   </div>
   <div class='ocr_carea' id='block_1_71' title="bbox 512 5157 2155 5231">
    <p class='ocr_par' dir='ltr' id='par_1_71' title="bbox 512 5157 2155 5231">
     <span class='ocr_line' id='line_1_71' title="bbox 512 5157 2155 5231; baseline 0.001 -19"><span class='ocrx_word' id='word_1_480' title='bbox 512 5157 694 5212; x_wconf 84' lang='lat' dir='ltr'><strong>urbes</strong></span> <span class='ocrx_word' id='word_1_481' title='bbox 724 5157 1197 5214; x_wconf 68' lang='lat' dir='ltr'><strong>Northmannica:</strong></span> <span class='ocrx_word' id='word_1_482' title='bbox 1226 5159 1483 5228; x_wconf 87' lang='lat' dir='ltr'><strong>regionis</strong></span> <span class='ocrx_word' id='word_1_483' title='bbox 1523 5159 1795 5224; x_wconf 81' lang='lat' dir='ltr'><strong>excrevit,</strong></span> <span class='ocrx_word' id='word_1_484' title='bbox 1841 5159 2155 5231; x_wconf 89' lang='lat' dir='ltr'><strong>omnisque</strong></span> 
     </span>
    </p>
   </div>
   <div class='ocr_carea' id='block_1_72' title="bbox 512 5244 2156 5320">
    <p class='ocr_par' dir='ltr' id='par_1_72' title="bbox 512 5244 2156 5320">
     <span class='ocr_line' id='line_1_72' title="bbox 512 5244 2156 5320; baseline 0.003 -21"><span class='ocrx_word' id='word_1_485' title='bbox 512 5249 657 5300; x_wconf 63' lang='lat' dir='ltr'><strong>tetas</strong></span> <span class='ocrx_word' id='word_1_486' title='bbox 686 5244 989 5317; x_wconf 81' lang='lat' dir='ltr'><strong>utriusque</strong></span> <span class='ocrx_word' id='word_1_487' title='bbox 1016 5264 1191 5302; x_wconf 89' lang='lat' dir='ltr'><strong>sexus</strong></span> <span class='ocrx_word' id='word_1_488' title='bbox 1217 5248 1294 5302; x_wconf 89' lang='lat' dir='ltr'><strong>ad</strong></span> <span class='ocrx_word' id='word_1_489' title='bbox 1319 5248 1500 5318; x_wconf 89' lang='lat' dir='ltr'><strong>hujus</strong></span> <span class='ocrx_word' id='word_1_490' title='bbox 1528 5247 1750 5302; x_wconf 88' lang='lat' dir='ltr'><strong>funeris</strong></span> <span class='ocrx_word' id='word_1_491' title='bbox 1797 5248 2156 5320; x_wconf 86' lang='lat' dir='ltr'><strong>obsequium</strong></span> 
     </span>
    </p>
   </div>
   <div class='ocr_carea' id='block_1_73' title="bbox 513 5332 2154 5407">
    <p class='ocr_par' dir='ltr' id='par_1_73' title="bbox 513 5332 2154 5407">
     <span class='ocr_line' id='line_1_73' title="bbox 513 5332 2154 5407; baseline 0.001 -19"><span class='ocrx_word' id='word_1_492' title='bbox 513 5332 753 5389; x_wconf 79' lang='lat' dir='ltr'><strong>ululans</strong></span> <span class='ocrx_word' id='word_1_493' title='bbox 781 5337 838 5389; x_wconf 89' lang='lat' dir='ltr'><strong>et</strong></span> <span class='ocrx_word' id='word_1_494' title='bbox 863 5333 1090 5392; x_wconf 87' lang='lat' dir='ltr'><strong>deﬂens</strong></span> <span class='ocrx_word' id='word_1_495' title='bbox 1120 5337 1393 5392; x_wconf 85' lang='lat' dir='ltr'><strong>cucurrit.</strong></span> <span class='ocrx_word' id='word_1_496' title='bbox 1423 5340 1502 5391; x_wconf 75' lang='lat' dir='ltr'><strong>Ex</strong></span> <span class='ocrx_word' id='word_1_497' title='bbox 1534 5350 1699 5391; x_wconf 89' lang='lat' dir='ltr'><strong>more</strong></span> <span class='ocrx_word' id='word_1_498' title='bbox 1727 5350 1990 5407; x_wconf 71' lang='lat' dir='ltr'><strong>namque</strong></span> <span class='ocrx_word' id='word_1_499' title='bbox 2030 5352 2154 5383; x_wconf 69' lang='lat' dir='ltr'><strong>mw-</strong></span> 
     </span>
    </p>
   </div>
   <div class='ocr_carea' id='block_1_74' title="bbox 511 5423 2157 5495">
    <p class='ocr_par' dir='ltr' id='par_1_74' title="bbox 511 5423 2157 5495">
     <span class='ocr_line' id='line_1_74' title="bbox 511 5423 2157 5495; baseline 0.002 -18"><span class='ocrx_word' id='word_1_500' title='bbox 511 5436 658 5494; x_wconf 86' lang='lat' dir='ltr'><strong>pore</strong></span> <span class='ocrx_word' id='word_1_501' title='bbox 683 5423 1038 5494; x_wconf 86' lang='lat' dir='ltr'><strong>composito,</strong></span> <span class='ocrx_word' id='word_1_502' title='bbox 1070 5428 1126 5477; x_wconf 85' lang='lat' dir='ltr'><strong>et</strong></span> <span class='ocrx_word' id='word_1_503' title='bbox 1148 5424 1224 5479; x_wconf 88' lang='lat' dir='ltr'><strong>ad</strong></span> <span class='ocrx_word' id='word_1_504' title='bbox 1254 5425 1564 5479; x_wconf 71' lang='lat' dir='ltr'><strong>ecclesiam</strong></span> <span class='ocrx_word' id='word_1_505' title='bbox 1594 5439 1779 5495; x_wconf 89' lang='lat' dir='ltr'><strong>quam</strong></span> <span class='ocrx_word' id='word_1_506' title='bbox 1803 5423 2157 5480; x_wconf 67' lang='lat' dir='ltr'><strong>fundaverat</strong></span> 
     </span>
    </p>
   </div>
   <div class='ocr_carea' id='block_1_75' title="bbox 513 5510 2152 5583">
    <p class='ocr_par' dir='ltr' id='par_1_75' title="bbox 513 5510 2152 5583">
     <span class='ocr_line' id='line_1_75' title="bbox 513 5510 2152 5583; baseline 0.002 -17"><span class='ocrx_word' id='word_1_507' title='bbox 513 5510 731 5581; x_wconf 84' lang='lat' dir='ltr'><strong>delato,</strong></span> <span class='ocrx_word' id='word_1_508' title='bbox 785 5512 983 5567; x_wconf 87' lang='lat' dir='ltr'><strong>omnis</strong></span> <span class='ocrx_word' id='word_1_509' title='bbox 1024 5512 1239 5578; x_wconf 78' lang='lat' dir='ltr'><strong>vulgus</strong></span> <span class='ocrx_word' id='word_1_510' title='bbox 1275 5513 1534 5569; x_wconf 84' lang='lat' dir='ltr'><strong>vicissim</strong></span> <span class='ocrx_word' id='word_1_511' title='bbox 1577 5514 1858 5569; x_wconf 79' lang='lat' dir='ltr'><strong>excubias</strong></span> <span class='ocrx_word' id='word_1_512' title='bbox 1907 5513 2152 5583; x_wconf 87' lang='lat' dir='ltr'><strong>peragit,</strong></span> 
     </span>
    </p>
   </div>
   <div class='ocr_carea' id='block_1_76' title="bbox 514 5598 2157 5673">
    <p class='ocr_par' dir='ltr' id='par_1_76' title="bbox 514 5598 2157 5673">
     <span class='ocr_line' id='line_1_76' title="bbox 514 5598 2157 5673; baseline 0.001 -17"><span class='ocrx_word' id='word_1_513' title='bbox 514 5599 733 5656; x_wconf 87' lang='lat' dir='ltr'><strong>clerrus</strong></span> <span class='ocrx_word' id='word_1_514' title='bbox 764 5600 824 5654; x_wconf 97' lang='grc'><strong>111</strong></span> <span class='ocrx_word' id='word_1_515' title='bbox 854 5598 1232 5669; x_wconf 78' lang='lat' dir='ltr'><strong>psalmodiis,</strong></span> <span class='ocrx_word' id='word_1_516' title='bbox 1289 5602 1547 5673; x_wconf 86' lang='lat' dir='ltr'><strong>populus</strong></span> <span class='ocrx_word' id='word_1_517' title='bbox 1580 5601 1641 5657; x_wconf 91' lang='lat' dir='ltr'><strong>in</strong></span> <span class='ocrx_word' id='word_1_518' title='bbox 1677 5602 2013 5657; x_wconf 87' lang='lat' dir='ltr'><strong>lamentatis</strong></span> <span class='ocrx_word' id='word_1_519' title='bbox 2050 5616 2157 5657; x_wconf 91' lang='lat' dir='ltr'><strong>no-</strong></span> 
     </span>
    </p>
   </div>
   <div class='ocr_carea' id='block_1_77' title="bbox 511 5684 2151 5760">
    <p class='ocr_par' dir='ltr' id='par_1_77' title="bbox 511 5684 2151 5760">
     <span class='ocr_line' id='line_1_77' title="bbox 511 5684 2151 5760; baseline 0.001 -17"><span class='ocrx_word' id='word_1_520' title='bbox 511 5693 662 5745; x_wconf 88' lang='lat' dir='ltr'><strong>ctem</strong></span> <span class='ocrx_word' id='word_1_521' title='bbox 681 5684 1033 5759; x_wconf 82' lang='lat' dir='ltr'><strong>pervigilem</strong></span> <span class='ocrx_word' id='word_1_522' title='bbox 1061 5685 1313 5744; x_wconf 85' lang='lat' dir='ltr'><strong>deducit.</strong></span> <span class='ocrx_word' id='word_1_523' title='bbox 1331 5692 1374 5745; x_wconf 92' lang='grc' dir='ltr'><strong>Ο</strong></span> <span class='ocrx_word' id='word_1_524' title='bbox 1399 5704 1584 5760; x_wconf 88' lang='lat' dir='ltr'><strong>quam</strong></span> <span class='ocrx_word' id='word_1_525' title='bbox 1607 5688 1938 5747; x_wconf 86' lang='lat' dir='ltr'><strong>immensus</strong></span> <span class='ocrx_word' id='word_1_526' title='bbox 1960 5689 2151 5759; x_wconf 88' lang='lat' dir='ltr'><strong>ﬂetus,</strong></span> 
     </span>
    </p>
   </div>
   <div class='ocr_carea' id='block_1_78' title="bbox 2248 1793 3818 1864">
    <p class='ocr_par' dir='ltr' id='par_1_78' title="bbox 2248 1793 3818 1864">
     <span class='ocr_line' id='line_1_78' title="bbox 2248 1793 3818 1864; baseline 0.002 -15"><span class='ocrx_word' id='word_1_527' title='bbox 2248 1794 2541 1863; x_wconf 84' lang='lat' dir='ltr'><strong>Ejulatum</strong></span> <span class='ocrx_word' id='word_1_528' title='bbox 2601 1794 2987 1848; x_wconf 84' lang='lat' dir='ltr'><strong>continuabat</strong></span> <span class='ocrx_word' id='word_1_529' title='bbox 3041 1810 3257 1857; x_wconf 71' lang='lat' dir='ltr'><strong>agmen</strong></span> <span class='ocrx_word' id='word_1_530' title='bbox 3298 1793 3579 1864; x_wconf 89' lang='lat' dir='ltr'><strong>plebium,</strong></span> <span class='ocrx_word' id='word_1_531' title='bbox 3637 1799 3818 1852; x_wconf 71' lang='lat' dir='ltr'><strong>eonfus</strong></span> 
     </span>
    </p>
   </div>
   <div class='ocr_carea' id='block_1_79' title="bbox 2246 1882 3817 1955">
    <p class='ocr_par' dir='ltr' id='par_1_79' title="bbox 2246 1882 3817 1955">
     <span class='ocr_line' id='line_1_79' title="bbox 2246 1882 3817 1955; baseline 0.003 -19"><span class='ocrx_word' id='word_1_532' title='bbox 2246 1888 2420 1952; x_wconf 81' lang='lat' dir='ltr'><strong>atque</strong></span> <span class='ocrx_word' id='word_1_533' title='bbox 2455 1882 2839 1935; x_wconf 72' lang='lat' dir='ltr'><strong>inarticulatte</strong></span> <span class='ocrx_word' id='word_1_534' title='bbox 2882 1882 3245 1935; x_wconf 84' lang='lat' dir='ltr'><strong>resonabant</strong></span> <span class='ocrx_word' id='word_1_535' title='bbox 3293 1898 3461 1936; x_wconf 89' lang='lat' dir='ltr'><strong>voces</strong></span> <span class='ocrx_word' id='word_1_536' title='bbox 3503 1885 3817 1955; x_wconf 75' lang='lat' dir='ltr'><strong>populorur</strong></span> 
     </span>
    </p>
   </div>
   <div class='ocr_carea' id='block_1_80' title="bbox 2247 1970 3817 2045">
    <p class='ocr_par' dir='ltr' id='par_1_80' title="bbox 2247 1970 3817 2045">
     <span class='ocr_line' id='line_1_80' title="bbox 2247 1970 3817 2045; baseline 0.001 -19"><span class='ocrx_word' id='word_1_537' title='bbox 2247 1976 2548 2040; x_wconf 72' lang='lat' dir='ltr'><strong>Nemoque</strong></span> <span class='ocrx_word' id='word_1_538' title='bbox 2578 1976 2807 2041; x_wconf 86' lang='lat' dir='ltr'><strong>poterat</strong></span> <span class='ocrx_word' id='word_1_539' title='bbox 2846 1970 3180 2025; x_wconf 78' lang='lat' dir='ltr'><strong>discernere</strong></span> <span class='ocrx_word' id='word_1_540' title='bbox 3224 1970 3372 2041; x_wconf 88' lang='lat' dir='ltr'><strong>quid</strong></span> <span class='ocrx_word' id='word_1_541' title='bbox 3418 1970 3634 2037; x_wconf 86' lang='lat' dir='ltr'><strong>clerus,</strong></span> <span class='ocrx_word' id='word_1_542' title='bbox 3683 1976 3817 2045; x_wconf 85' lang='lat' dir='ltr'><strong>quid</strong></span> 
     </span>
    </p>
   </div>
   <div class='ocr_carea' id='block_1_81' title="bbox 2245 2058 3818 2128">
    <p class='ocr_par' dir='ltr' id='par_1_81' title="bbox 2245 2058 3818 2128">
     <span class='ocr_line' id='line_1_81' title="bbox 2245 2058 3818 2128; baseline 0.003 -17"><span class='ocrx_word' id='word_1_543' title='bbox 2245 2059 2459 2119; x_wconf 72' lang='lat' dir='ltr'><strong>vulgus</strong></span> <span class='ocrx_word' id='word_1_544' title='bbox 2488 2058 2889 2127; x_wconf 81' lang='lat' dir='ltr'><strong>concrepabat</strong></span> <span class='ocrx_word' id='word_1_545' title='bbox 2916 2075 3022 2128; x_wconf 83' lang='lat' dir='ltr'><strong>pro</strong></span> <span class='ocrx_word' id='word_1_546' title='bbox 3069 2058 3318 2113; x_wconf 87' lang='lat' dir='ltr'><strong>vocibus</strong></span> <span class='ocrx_word' id='word_1_547' title='bbox 3362 2058 3722 2116; x_wconf 87' lang='lat' dir='ltr'><strong>ululatuum.</strong></span> <span class='ocrx_word' id='word_1_548' title='bbox 3761 2066 3818 2127; x_wconf 80' lang='lat' dir='ltr'><strong>Ql</strong></span> 
     </span>
    </p>
   </div>
   <div class='ocr_carea' id='block_1_82' title="bbox 2246 2146 3818 2221">
    <p class='ocr_par' dir='ltr' id='par_1_82' title="bbox 2246 2146 3818 2221">
     <span class='ocr_line' id='line_1_82' title="bbox 2246 2146 3818 2221; baseline 0.004 -21"><span class='ocrx_word' id='word_1_549' title='bbox 2246 2164 2385 2201; x_wconf 83' lang='lat' dir='ltr'><strong>vero</strong></span> <span class='ocrx_word' id='word_1_550' title='bbox 2418 2152 2533 2199; x_wconf 86' lang='lat' dir='ltr'><strong>tam</strong></span> <span class='ocrx_word' id='word_1_551' title='bbox 2568 2146 2822 2200; x_wconf 88' lang='lat' dir='ltr'><strong>ferreum</strong></span> <span class='ocrx_word' id='word_1_552' title='bbox 2855 2148 3259 2217; x_wconf 82' lang='lat' dir='ltr'><strong>stolidumque</strong></span> <span class='ocrx_word' id='word_1_553' title='bbox 3292 2146 3387 2201; x_wconf 91' lang='lat' dir='ltr'><strong>vel</strong></span> <span class='ocrx_word' id='word_1_554' title='bbox 3412 2164 3665 2204; x_wconf 82' lang='lat' dir='ltr'><strong>saxeum</strong></span> <span class='ocrx_word' id='word_1_555' title='bbox 3700 2159 3818 2221; x_wconf 81' lang='lat' dir='ltr'><strong>pect</strong></span> 
     </span>
    </p>
   </div>
   <div class='ocr_carea' id='block_1_83' title="bbox 2249 2235 3817 2306">
    <p class='ocr_par' dir='ltr' id='par_1_83' title="bbox 2249 2235 3817 2306">
     <span class='ocr_line' id='line_1_83' title="bbox 2249 2235 3817 2306; baseline 0.003 -17"><span class='ocrx_word' id='word_1_556' title='bbox 2249 2236 2509 2300; x_wconf 86' lang='lat' dir='ltr'><strong>haberet,</strong></span> <span class='ocrx_word' id='word_1_557' title='bbox 2542 2235 2642 2305; x_wconf 91' lang='lat' dir='ltr'><strong>qui</strong></span> <span class='ocrx_word' id='word_1_558' title='bbox 2672 2251 2790 2289; x_wconf 92' lang='lat' dir='ltr'><strong>non</strong></span> <span class='ocrx_word' id='word_1_559' title='bbox 2827 2235 2882 2289; x_wconf 91' lang='lat' dir='ltr'><strong>in</strong></span> <span class='ocrx_word' id='word_1_560' title='bbox 2925 2237 3059 2288; x_wconf 78' lang='lat' dir='ltr'><strong>lletn</strong></span> <span class='ocrx_word' id='word_1_561' title='bbox 3096 2240 3545 2306; x_wconf 86' lang='lat' dir='ltr'><strong>prorumperet;</strong></span> <span class='ocrx_word' id='word_1_562' title='bbox 3589 2254 3738 2293; x_wconf 90' lang='lat' dir='ltr'><strong>cum</strong></span> <span class='ocrx_word' id='word_1_563' title='bbox 3770 2240 3817 2293; x_wconf 80' lang='lat' dir='ltr'><strong>te</strong></span> 
     </span>
    </p>
   </div>
   <div class='ocr_carea' id='block_1_84' title="bbox 2250 2323 3818 2395">
    <p class='ocr_par' dir='ltr' id='par_1_84' title="bbox 2250 2323 3818 2395">
     <span class='ocr_line' id='line_1_84' title="bbox 2250 2323 3818 2395; baseline 0.002 -16"><span class='ocrx_word' id='word_1_564' title='bbox 2250 2330 2403 2379; x_wconf 90' lang='lat' dir='ltr'><strong>trum</strong></span> <span class='ocrx_word' id='word_1_565' title='bbox 2438 2323 2722 2394; x_wconf 88' lang='lat' dir='ltr'><strong>apopulo</strong></span> <span class='ocrx_word' id='word_1_566' title='bbox 2764 2323 3068 2378; x_wconf 82' lang='lat' dir='ltr'><strong>tenebatur</strong></span> <span class='ocrx_word' id='word_1_567' title='bbox 3122 2324 3385 2395; x_wconf 87' lang='lat' dir='ltr'><strong>impulsu</strong></span> <span class='ocrx_word' id='word_1_568' title='bbox 3439 2324 3696 2395; x_wconf 88' lang='lat' dir='ltr'><strong>doloris,</strong></span> <span class='ocrx_word' id='word_1_569' title='bbox 3749 2345 3818 2382; x_wconf 75' lang='lat' dir='ltr'><strong>an</strong></span> 
     </span>
    </p>
   </div>
   <div class='ocr_carea' id='block_1_85' title="bbox 2249 2412 3818 2476">
    <p class='ocr_par' dir='ltr' id='par_1_85' title="bbox 2249 2412 3818 2476">
     <span class='ocr_line' id='line_1_85' title="bbox 2249 2412 3818 2476; baseline 0.001 -10"><span class='ocrx_word' id='word_1_570' title='bbox 2249 2413 2422 2467; x_wconf 88' lang='lat' dir='ltr'><strong>batur</strong></span> <span class='ocrx_word' id='word_1_571' title='bbox 2471 2412 2761 2466; x_wconf 79' lang='lat' dir='ltr'><strong>desiderio</strong></span> <span class='ocrx_word' id='word_1_572' title='bbox 2802 2412 3052 2476; x_wconf 87' lang='lat' dir='ltr'><strong>ardoris,</strong></span> <span class='ocrx_word' id='word_1_573' title='bbox 3109 2413 3521 2467; x_wconf 87' lang='lat' dir='ltr'><strong>retrahebatur</strong></span> <span class='ocrx_word' id='word_1_574' title='bbox 3572 2420 3818 2470; x_wconf 63' lang='lat' dir='ltr'><strong>retrorSI</strong></span> 
     </span>
    </p>
   </div>
   <div class='ocr_carea' id='block_1_86' title="bbox 2249 2500 3817 2576">
    <p class='ocr_par' dir='ltr' id='par_1_86' title="bbox 2249 2500 3817 2576">
     <span class='ocr_line' id='line_1_86' title="bbox 2249 2500 3817 2576; baseline 0.002 -20"><span class='ocrx_word' id='word_1_575' title='bbox 2249 2505 2464 2556; x_wconf 80' lang='lat' dir='ltr'><strong>affectu</strong></span> <span class='ocrx_word' id='word_1_576' title='bbox 2495 2500 2761 2554; x_wconf 73' lang='lat' dir='ltr'><strong>amoris?</strong></span> <span class='ocrx_word' id='word_1_577' title='bbox 2795 2500 3046 2555; x_wconf 77' lang='lat' dir='ltr'><strong>Comites</strong></span> <span class='ocrx_word' id='word_1_578' title='bbox 3097 2500 3295 2556; x_wconf 82' lang='lat' dir='ltr'><strong>flendo</strong></span> <span class='ocrx_word' id='word_1_579' title='bbox 3342 2502 3628 2556; x_wconf 89' lang='lat' dir='ltr'><strong>manibus</strong></span> <span class='ocrx_word' id='word_1_580' title='bbox 3674 2506 3817 2576; x_wconf 88' lang='lat' dir='ltr'><strong>plan</strong></span> 
     </span>
    </p>
   </div>
   <div class='ocr_carea' id='block_1_87' title="bbox 2250 2590 3818 2665">
    <p class='ocr_par' dir='ltr' id='par_1_87' title="bbox 2250 2590 3818 2665">
     <span class='ocr_line' id='line_1_87' title="bbox 2250 2590 3818 2665; baseline 0.003 -21"><span class='ocrx_word' id='word_1_581' title='bbox 2250 2591 2491 2655; x_wconf 88' lang='lat' dir='ltr'><strong>debant,</strong></span> <span class='ocrx_word' id='word_1_582' title='bbox 2553 2590 2833 2660; x_wconf 68' lang='lat' dir='ltr'><strong>[mesides</strong></span> <span class='ocrx_word' id='word_1_583' title='bbox 2890 2591 3243 2645; x_wconf 83' lang='lat' dir='ltr'><strong>moestiferos</strong></span> <span class='ocrx_word' id='word_1_584' title='bbox 3297 2590 3585 2661; x_wconf 87' lang='lat' dir='ltr'><strong>ejulando</strong></span> <span class='ocrx_word' id='word_1_585' title='bbox 3646 2595 3818 2665; x_wconf 79' lang='lat' dir='ltr'><strong>psalr</strong></span> 
     </span>
    </p>
   </div>
   <div class='ocr_carea' id='block_1_88' title="bbox 2250 2678 3818 2755">
    <p class='ocr_par' dir='ltr' id='par_1_88' title="bbox 2250 2678 3818 2755">
     <span class='ocr_line' id='line_1_88' title="bbox 2250 2678 3818 2755; baseline 0 -20"><span class='ocrx_word' id='word_1_586' title='bbox 2250 2678 2665 2735; x_wconf 88' lang='lat' dir='ltr'><strong>coneinabant.</strong></span> <span class='ocrx_word' id='word_1_587' title='bbox 2698 2678 2978 2743; x_wconf 83' lang='lat' dir='ltr'><strong>Virgines,</strong></span> <span class='ocrx_word' id='word_1_588' title='bbox 3014 2679 3352 2750; x_wconf 63' lang='lat' dir='ltr'><strong>viduaeque,</strong></span> <span class='ocrx_word' id='word_1_589' title='bbox 3383 2684 3435 2734; x_wconf 89' lang='lat' dir='ltr'><strong>et</strong></span> <span class='ocrx_word' id='word_1_590' title='bbox 3488 2696 3750 2744; x_wconf 81' lang='lat' dir='ltr'><strong>uxores,</strong></span> <span class='ocrx_word' id='word_1_591' title='bbox 3799 2700 3818 2755; x_wconf 76' lang='grc' dir='ltr'>ι</span> 
     </span>
    </p>
   </div>
   <div class='ocr_carea' id='block_1_89' title="bbox 2250 2765 3817 2836">
    <p class='ocr_par' dir='ltr' id='par_1_89' title="bbox 2250 2765 3817 2836">
     <span class='ocr_line' id='line_1_89' title="bbox 2250 2765 3817 2836; baseline 0.003 -15"><span class='ocrx_word' id='word_1_592' title='bbox 2250 2768 2439 2821; x_wconf 89' lang='lat' dir='ltr'><strong>rando</strong></span> <span class='ocrx_word' id='word_1_593' title='bbox 2472 2767 2660 2820; x_wconf 90' lang='lat' dir='ltr'><strong>crines</strong></span> <span class='ocrx_word' id='word_1_594' title='bbox 2691 2765 3165 2836; x_wconf 83' lang='lat' dir='ltr'><strong>disrumpebant.</strong></span> <span class='ocrx_word' id='word_1_595' title='bbox 3202 2767 3545 2833; x_wconf 72' lang='lat' dir='ltr'><strong>Domigenze</strong></span> <span class='ocrx_word' id='word_1_596' title='bbox 3600 2772 3817 2825; x_wconf 77' lang='lat' dir='ltr'><strong>utrius</strong></span> 
     </span>
    </p>
   </div>
   <div class='ocr_carea' id='block_1_90' title="bbox 2253 2855 3818 2926">
    <p class='ocr_par' dir='ltr' id='par_1_90' title="bbox 2253 2855 3818 2926">
     <span class='ocr_line' id='line_1_90' title="bbox 2253 2855 3818 2926; baseline 0.003 -17"><span class='ocrx_word' id='word_1_597' title='bbox 2253 2872 2427 2909; x_wconf 82' lang='lat' dir='ltr'><strong>sexus</strong></span> <span class='ocrx_word' id='word_1_598' title='bbox 2459 2855 2765 2909; x_wconf 80' lang='lat' dir='ltr'><strong>maerendo</strong></span> <span class='ocrx_word' id='word_1_599' title='bbox 2813 2861 3019 2926; x_wconf 88' lang='lat' dir='ltr'><strong>pectus</strong></span> <span class='ocrx_word' id='word_1_600' title='bbox 3050 2856 3270 2926; x_wconf 74' lang='lat' dir='ltr'><strong>pugnis</strong></span> <span class='ocrx_word' id='word_1_601' title='bbox 3299 2856 3672 2913; x_wconf 84' lang='lat' dir='ltr'><strong>tundebant.</strong></span> <span class='ocrx_word' id='word_1_602' title='bbox 3733 2861 3818 2916; x_wconf 76' lang='lat' dir='ltr'><strong>Mil</strong></span> 
     </span>
    </p>
   </div>
   <div class='ocr_carea' id='block_1_91' title="bbox 2252 2943 3818 3015">
    <p class='ocr_par' dir='ltr' id='par_1_91' title="bbox 2252 2943 3818 3015">
     <span class='ocr_line' id='line_1_91' title="bbox 2252 2943 3818 3015; baseline 0.002 -17"><span class='ocrx_word' id='word_1_603' title='bbox 2252 2944 2506 2998; x_wconf 88' lang='lat' dir='ltr'><strong>militum</strong></span> <span class='ocrx_word' id='word_1_604' title='bbox 2536 2943 2877 3014; x_wconf 78' lang='lat' dir='ltr'><strong>plangendo</strong></span> <span class='ocrx_word' id='word_1_605' title='bbox 2918 2944 3144 3015; x_wconf 88' lang='lat' dir='ltr'><strong>seipsos</strong></span> <span class='ocrx_word' id='word_1_606' title='bbox 3174 2943 3573 2999; x_wconf 86' lang='lat' dir='ltr'><strong>dilaniabant.</strong></span> <span class='ocrx_word' id='word_1_607' title='bbox 3614 2948 3818 3003; x_wconf 69' lang='lat' dir='ltr'><strong>Clerus</strong></span> 
     </span>
    </p>
   </div>
   <div class='ocr_carea' id='block_1_92' title="bbox 2252 3031 3818 3102">
    <p class='ocr_par' dir='ltr' id='par_1_92' title="bbox 2252 3031 3818 3102">
     <span class='ocr_line' id='line_1_92' title="bbox 2252 3031 3818 3102; baseline 0.002 -14"><span class='ocrx_word' id='word_1_608' title='bbox 2252 3037 2454 3088; x_wconf 88' lang='lat' dir='ltr'><strong>menta</strong></span> <span class='ocrx_word' id='word_1_609' title='bbox 2485 3031 2651 3085; x_wconf 91' lang='lat' dir='ltr'><strong>nimii</strong></span> <span class='ocrx_word' id='word_1_610' title='bbox 2682 3032 2851 3085; x_wconf 74' lang='lat' dir='ltr'><strong>fletus</strong></span> <span class='ocrx_word' id='word_1_611' title='bbox 2882 3048 3021 3087; x_wconf 90' lang='lat' dir='ltr'><strong>cum</strong></span> <span class='ocrx_word' id='word_1_612' title='bbox 3049 3031 3297 3102; x_wconf 87' lang='lat' dir='ltr'><strong>psalmis</strong></span> <span class='ocrx_word' id='word_1_613' title='bbox 3325 3032 3705 3091; x_wconf 85' lang='lat' dir='ltr'><strong>fundebant.</strong></span> <span class='ocrx_word' id='word_1_614' title='bbox 3744 3040 3818 3093; x_wconf 75' lang='grc' dir='ltr'><strong>Τ1</strong></span> 
     </span>
    </p>
   </div>
   <div class='ocr_carea' id='block_1_93' title="bbox 2254 3120 3816 3194">
    <p class='ocr_par' dir='ltr' id='par_1_93' title="bbox 2254 3120 3816 3194">
     <span class='ocr_line' id='line_1_93' title="bbox 2254 3120 3816 3194; baseline 0.004 -20"><span class='ocrx_word' id='word_1_615' title='bbox 2254 3121 2610 3194; x_wconf 74' lang='lat' dir='ltr'><strong>pagensium</strong></span> <span class='ocrx_word' id='word_1_616' title='bbox 2642 3124 2697 3174; x_wconf 89' lang='lat' dir='ltr'><strong>et</strong></span> <span class='ocrx_word' id='word_1_617' title='bbox 2727 3120 3082 3174; x_wconf 79' lang='lat' dir='ltr'><strong>rusticorum</strong></span> <span class='ocrx_word' id='word_1_618' title='bbox 3109 3120 3390 3175; x_wconf 89' lang='lat' dir='ltr'><strong>dentibus</strong></span> <span class='ocrx_word' id='word_1_619' title='bbox 3422 3126 3665 3179; x_wconf 85' lang='lat' dir='ltr'><strong>terram</strong></span> <span class='ocrx_word' id='word_1_620' title='bbox 3702 3141 3816 3180; x_wconf 88' lang='lat' dir='ltr'><strong>mo</strong></span> 
     </span>
    </p>
   </div>
   <div class='ocr_carea' id='block_1_94' title="bbox 2253 3207 3818 3280">
    <p class='ocr_par' dir='ltr' id='par_1_94' title="bbox 2253 3207 3818 3280">
     <span class='ocr_line' id='line_1_94' title="bbox 2253 3207 3818 3280; baseline 0.003 -16"><span class='ocrx_word' id='word_1_621' title='bbox 2253 3210 2373 3264; x_wconf 86' lang='lat' dir='ltr'><strong>bat.</strong></span> <span class='ocrx_word' id='word_1_622' title='bbox 2433 3207 2649 3262; x_wconf 87' lang='lat' dir='ltr'><strong>Concio</strong></span> <span class='ocrx_word' id='word_1_623' title='bbox 2700 3223 3031 3278; x_wconf 88' lang='lat' dir='ltr'><strong>pauperum</strong></span> <span class='ocrx_word' id='word_1_624' title='bbox 3062 3208 3209 3263; x_wconf 89' lang='lat' dir='ltr'><strong>tanti</strong></span> <span class='ocrx_word' id='word_1_625' title='bbox 3250 3209 3444 3263; x_wconf 86' lang='lat' dir='ltr'><strong>solatii</strong></span> <span class='ocrx_word' id='word_1_626' title='bbox 3487 3209 3818 3280; x_wconf 84' lang='lat' dir='ltr'><strong>adjutoric</strong></span> 
     </span>
    </p>
   </div>
   <div class='ocr_carea' id='block_1_95' title="bbox 2252 3296 3783 3370">
    <p class='ocr_par' dir='ltr' id='par_1_95' title="bbox 2252 3296 3783 3370">
     <span class='ocr_line' id='line_1_95' title="bbox 2252 3296 3783 3370; baseline 0.003 -18"><span class='ocrx_word' id='word_1_627' title='bbox 2252 3299 2435 3352; x_wconf 88' lang='lat' dir='ltr'><strong>dnata</strong></span> <span class='ocrx_word' id='word_1_628' title='bbox 2466 3312 2619 3365; x_wconf 60' lang='lat' dir='ltr'><strong>aegre</strong></span> <span class='ocrx_word' id='word_1_629' title='bbox 2643 3296 2955 3351; x_wconf 89' lang='lat' dir='ltr'><strong>ulnlabant</strong></span> <span class='ocrx_word' id='word_1_630' title='bbox 2983 3314 2994 3350; x_wconf 91' lang='lat'><strong>:</strong></span> <span class='ocrx_word' id='word_1_631' title='bbox 3036 3296 3417 3369; x_wconf 88' lang='lat' dir='ltr'><strong>populusque</strong></span> <span class='ocrx_word' id='word_1_632' title='bbox 3444 3300 3783 3370; x_wconf 86' lang='lat' dir='ltr'><strong>populum</strong></span> 
     </span>
    </p>
   </div>
   <div class='ocr_carea' id='block_1_96' title="bbox 2254 3385 3813 3457">
    <p class='ocr_par' dir='ltr' id='par_1_96' title="bbox 2254 3385 3813 3457">
     <span class='ocr_line' id='line_1_96' title="bbox 2254 3385 3813 3457; baseline 0.004 -16"><span class='ocrx_word' id='word_1_633' title='bbox 2254 3386 2599 3457; x_wconf 90' lang='lat' dir='ltr'><strong>opprimens</strong></span> <span class='ocrx_word' id='word_1_634' title='bbox 2628 3385 2893 3440; x_wconf 81' lang='lat' dir='ltr'><strong>diversos</strong></span> <span class='ocrx_word' id='word_1_635' title='bbox 2924 3385 3146 3441; x_wconf 89' lang='lat' dir='ltr'><strong>doloris</strong></span> <span class='ocrx_word' id='word_1_636' title='bbox 3174 3387 3389 3441; x_wconf 90' lang='lat' dir='ltr'><strong>modos</strong></span> <span class='ocrx_word' id='word_1_637' title='bbox 3438 3387 3813 3447; x_wconf 84' lang='lat' dir='ltr'><strong>emittebat.</strong></span> 
     </span>
    </p>
   </div>
   <div class='ocr_carea' id='block_1_97' title="bbox 2254 3473 3818 3547">
    <p class='ocr_par' dir='ltr' id='par_1_97' title="bbox 2254 3473 3818 3547">
     <span class='ocr_line' id='line_1_97' title="bbox 2254 3473 3818 3547; baseline 0.004 -18"><span class='ocrx_word' id='word_1_638' title='bbox 2254 3490 2461 3529; x_wconf 90' lang='lat' dir='ltr'><strong>versus</strong></span> <span class='ocrx_word' id='word_1_639' title='bbox 2481 3478 2538 3528; x_wconf 90' lang='lat' dir='ltr'><strong>et</strong></span> <span class='ocrx_word' id='word_1_640' title='bbox 2556 3473 2756 3529; x_wconf 85' lang='lat' dir='ltr'><strong>varius</strong></span> <span class='ocrx_word' id='word_1_641' title='bbox 2784 3478 3086 3529; x_wconf 88' lang='lat' dir='ltr'><strong>tantorum</strong></span> <span class='ocrx_word' id='word_1_642' title='bbox 3111 3474 3497 3541; x_wconf 83' lang='lat' dir='ltr'><strong>vociferatus,</strong></span> <span class='ocrx_word' id='word_1_643' title='bbox 3524 3491 3712 3547; x_wconf 88' lang='lat' dir='ltr'><strong>quos</strong></span> <span class='ocrx_word' id='word_1_644' title='bbox 3738 3496 3818 3535; x_wconf 86' lang='lat' dir='ltr'><strong>co</strong></span> 
     </span>
    </p>
   </div>
   <div class='ocr_carea' id='block_1_98' title="bbox 2254 3562 3818 3635">
    <p class='ocr_par' dir='ltr' id='par_1_98' title="bbox 2254 3562 3818 3635">
     <span class='ocr_line' id='line_1_98' title="bbox 2254 3562 3818 3635; baseline 0.004 -19"><span class='ocrx_word' id='word_1_645' title='bbox 2254 3562 2484 3627; x_wconf 87' lang='lat' dir='ltr'><strong>urebat,</strong></span> <span class='ocrx_word' id='word_1_646' title='bbox 2516 3562 2615 3616; x_wconf 90' lang='lat' dir='ltr'><strong>vix</strong></span> <span class='ocrx_word' id='word_1_647' title='bbox 2644 3562 2885 3617; x_wconf 89' lang='lat' dir='ltr'><strong>tandem</strong></span> <span class='ocrx_word' id='word_1_648' title='bbox 2913 3562 3135 3633; x_wconf 88' lang='lat' dir='ltr'><strong>populo</strong></span> <span class='ocrx_word' id='word_1_649' title='bbox 3166 3562 3245 3617; x_wconf 88' lang='lat' dir='ltr'><strong>ab</strong></span> <span class='ocrx_word' id='word_1_650' title='bbox 3275 3562 3587 3635; x_wconf 89' lang='lat' dir='ltr'><strong>episcopis</strong></span> <span class='ocrx_word' id='word_1_651' title='bbox 3643 3566 3818 3622; x_wconf 77' lang='lat' dir='ltr'><strong>diSI‘l</strong></span> 
     </span>
    </p>
   </div>
   <div class='ocr_carea' id='block_1_99' title="bbox 2256 3651 3818 3723">
    <p class='ocr_par' dir='ltr' id='par_1_99' title="bbox 2256 3651 3818 3723">
     <span class='ocr_line' id='line_1_99' title="bbox 2256 3651 3818 3723; baseline 0.004 -19"><span class='ocrx_word' id='word_1_652' title='bbox 2256 3651 2457 3715; x_wconf 89' lang='lat' dir='ltr'><strong>scisso,</strong></span> <span class='ocrx_word' id='word_1_653' title='bbox 2484 3655 2537 3704; x_wconf 90' lang='lat' dir='ltr'><strong>et</strong></span> <span class='ocrx_word' id='word_1_654' title='bbox 2578 3655 2891 3721; x_wconf 59' lang='lat' dir='ltr'><strong>praerepto,</strong></span> <span class='ocrx_word' id='word_1_655' title='bbox 2925 3651 3257 3722; x_wconf 86' lang='lat' dir='ltr'><strong>feretroque</strong></span> <span class='ocrx_word' id='word_1_656' title='bbox 3292 3667 3480 3723; x_wconf 84' lang='lat' dir='ltr'><strong>super</strong></span> <span class='ocrx_word' id='word_1_657' title='bbox 3531 3655 3818 3723; x_wconf 69' lang='lat' dir='ltr'><strong>sepulcl</strong></span> 
     </span>
    </p>
   </div>
   <div class='ocr_carea' id='block_1_100' title="bbox 2255 3739 3818 3815">
    <p class='ocr_par' dir='ltr' id='par_1_100' title="bbox 2255 3739 3818 3815">
     <span class='ocr_line' id='line_1_100' title="bbox 2255 3739 3818 3815; baseline 0.003 -22"><span class='ocrx_word' id='word_1_658' title='bbox 2255 3755 2393 3793; x_wconf 91' lang='lat' dir='ltr'><strong>cum</strong></span> <span class='ocrx_word' id='word_1_659' title='bbox 2419 3753 2665 3808; x_wconf 87' lang='lat' dir='ltr'><strong>corpore</strong></span> <span class='ocrx_word' id='word_1_660' title='bbox 2698 3740 2912 3809; x_wconf 90' lang='lat' dir='ltr'><strong>posito,</strong></span> <span class='ocrx_word' id='word_1_661' title='bbox 2946 3739 3129 3794; x_wconf 89' lang='lat' dir='ltr'><strong>odore</strong></span> <span class='ocrx_word' id='word_1_662' title='bbox 3179 3739 3403 3795; x_wconf 90' lang='lat' dir='ltr'><strong>incensi</strong></span> <span class='ocrx_word' id='word_1_663' title='bbox 3437 3756 3593 3794; x_wconf 88' lang='lat' dir='ltr'><strong>cum</strong></span> <span class='ocrx_word' id='word_1_664' title='bbox 3633 3757 3818 3815; x_wconf 76' lang='lat' dir='ltr'><strong>aqua</strong></span> 
     </span>
    </p>
   </div>
   <div class='ocr_carea' id='block_1_101' title="bbox 2254 3827 3818 3898">
    <p class='ocr_par' dir='ltr' id='par_1_101' title="bbox 2254 3827 3818 3898">
     <span class='ocr_line' id='line_1_101' title="bbox 2254 3827 3818 3898; baseline 0.004 -16"><span class='ocrx_word' id='word_1_665' title='bbox 2254 3828 2489 3883; x_wconf 85' lang='lat' dir='ltr'><strong>nedicta</strong></span> <span class='ocrx_word' id='word_1_666' title='bbox 2515 3827 2851 3898; x_wconf 81' lang='lat' dir='ltr'><strong>superfuso,</strong></span> <span class='ocrx_word' id='word_1_667' title='bbox 2885 3827 3082 3883; x_wconf 91' lang='lat' dir='ltr'><strong>nimiis</strong></span> <span class='ocrx_word' id='word_1_668' title='bbox 3123 3828 3445 3897; x_wconf 70' lang='lat' dir='ltr'><strong>gemitibus</strong></span> <span class='ocrx_word' id='word_1_669' title='bbox 3495 3828 3674 3884; x_wconf 83' lang='lat' dir='ltr'><strong>fusis</strong></span> <span class='ocrx_word' id='word_1_670' title='bbox 3742 3849 3818 3888; x_wconf 76' lang='lat' dir='ltr'><strong>n1</strong></span> 
     </span>
    </p>
   </div>
   <div class='ocr_carea' id='block_1_102' title="bbox 2254 3915 3818 3990">
    <p class='ocr_par' dir='ltr' id='par_1_102' title="bbox 2254 3915 3818 3990">
     <span class='ocr_line' id='line_1_102' title="bbox 2254 3915 3818 3990; baseline -0.001 -20"><span class='ocrx_word' id='word_1_671' title='bbox 2254 3919 2475 3989; x_wconf 86' lang='lat' dir='ltr'><strong>parnnt</strong></span> <span class='ocrx_word' id='word_1_672' title='bbox 2495 3915 2638 3970; x_wconf 89' lang='lat' dir='ltr'><strong>illud</strong></span> <span class='ocrx_word' id='word_1_673' title='bbox 2662 3917 3056 3987; x_wconf 69' lang='lat' dir='ltr'><strong>sarcophago.</strong></span> <span class='ocrx_word' id='word_1_674' title='bbox 3074 3916 3549 3988; x_wconf 86' lang='lat' dir='ltr'><strong>festinanterque</strong></span> <span class='ocrx_word' id='word_1_675' title='bbox 3565 3934 3818 3990; x_wconf 73' lang='lat' dir='ltr'><strong>operu.</strong></span> 
     </span>
    </p>
   </div>
   <div class='ocr_carea' id='block_1_103' title="bbox 2256 4004 3814 4073">
    <p class='ocr_par' dir='ltr' id='par_1_103' title="bbox 2256 4004 3814 4073">
     <span class='ocr_line' id='line_1_103' title="bbox 2256 4004 3814 4073; baseline 0.003 -13"><span class='ocrx_word' id='word_1_676' title='bbox 2256 4021 2420 4069; x_wconf 82' lang='lat' dir='ltr'><strong>saxo,</strong></span> <span class='ocrx_word' id='word_1_677' title='bbox 2453 4009 2758 4058; x_wconf 83' lang='lat' dir='ltr'><strong>servantes</strong></span> <span class='ocrx_word' id='word_1_678' title='bbox 2788 4004 2933 4059; x_wconf 86' lang='lat' dir='ltr'><strong>illud</strong></span> <span class='ocrx_word' id='word_1_679' title='bbox 2964 4005 3189 4059; x_wconf 87' lang='lat' dir='ltr'><strong>honore</strong></span> <span class='ocrx_word' id='word_1_680' title='bbox 3222 4006 3335 4061; x_wconf 90' lang='lat' dir='ltr'><strong>sub</strong></span> <span class='ocrx_word' id='word_1_681' title='bbox 3365 4021 3643 4073; x_wconf 82' lang='lat' dir='ltr'><strong>magno.</strong></span> <span class='ocrx_word' id='word_1_682' title='bbox 3692 4012 3814 4064; x_wconf 85' lang='lat' dir='ltr'><strong>lns</strong></span> 
     </span>
    </p>
   </div>
   <div class='ocr_carea' id='block_1_104' title="bbox 2255 4092 3817 4167">
    <p class='ocr_par' dir='ltr' id='par_1_104' title="bbox 2255 4092 3817 4167">
     <span class='ocr_line' id='line_1_104' title="bbox 2255 4092 3817 4167; baseline 0.003 -18"><span class='ocrx_word' id='word_1_683' title='bbox 2255 4095 2349 4149; x_wconf 90' lang='lat' dir='ltr'><strong>die</strong></span> <span class='ocrx_word' id='word_1_684' title='bbox 2380 4092 2621 4147; x_wconf 89' lang='lat' dir='ltr'><strong>veniens</strong></span> <span class='ocrx_word' id='word_1_685' title='bbox 2654 4109 2855 4148; x_wconf 88' lang='lat' dir='ltr'><strong>comes</strong></span> <span class='ocrx_word' id='word_1_686' title='bbox 2885 4094 3175 4148; x_wconf 84' lang='lat' dir='ltr'><strong>Rodulfus</strong></span> <span class='ocrx_word' id='word_1_687' title='bbox 3205 4111 3343 4149; x_wconf 90' lang='lat' dir='ltr'><strong>cum</strong></span> <span class='ocrx_word' id='word_1_688' title='bbox 3374 4094 3729 4167; x_wconf 85' lang='lat' dir='ltr'><strong>episcopis</strong></span> <span class='ocrx_word' id='word_1_689' title='bbox 3767 4116 3817 4153; x_wconf 81' lang='lat' dir='ltr'><strong>a</strong></span> 
     </span>
    </p>
   </div>
   <div class='ocr_carea' id='block_1_105' title="bbox 2258 4181 3813 4254">
    <p class='ocr_par' dir='ltr' id='par_1_105' title="bbox 2258 4181 3813 4254">
     <span class='ocr_line' id='line_1_105' title="bbox 2258 4181 3813 4254; baseline 0.003 -17"><span class='ocrx_word' id='word_1_690' title='bbox 2258 4182 2488 4237; x_wconf 88' lang='lat' dir='ltr'><strong>mulum</strong></span> <span class='ocrx_word' id='word_1_691' title='bbox 2534 4181 2820 4236; x_wconf 89' lang='lat' dir='ltr'><strong>revellens</strong></span> <span class='ocrx_word' id='word_1_692' title='bbox 2852 4182 3144 4247; x_wconf 70' lang='lat' dir='ltr'><strong>sarcofagi</strong></span> <span class='ocrx_word' id='word_1_693' title='bbox 3192 4183 3708 4254; x_wconf 86' lang='lat' dir='ltr'><strong>coopertorium,</strong></span> <span class='ocrx_word' id='word_1_694' title='bbox 3770 4204 3813 4242; x_wconf 86' lang='lat' dir='ltr'><strong>e</strong></span> 
     </span>
    </p>
   </div>
   <div class='ocr_carea' id='block_1_106' title="bbox 2258 4269 3818 4333">
    <p class='ocr_par' dir='ltr' id='par_1_106' title="bbox 2258 4269 3818 4333">
     <span class='ocr_line' id='line_1_106' title="bbox 2258 4269 3818 4333; baseline 0.003 -7"><span class='ocrx_word' id='word_1_695' title='bbox 2258 4269 2523 4326; x_wconf 87' lang='lat' dir='ltr'><strong>manavit</strong></span> <span class='ocrx_word' id='word_1_696' title='bbox 2552 4270 2701 4323; x_wconf 90' lang='lat' dir='ltr'><strong>odor</strong></span> <span class='ocrx_word' id='word_1_697' title='bbox 2741 4270 2977 4325; x_wconf 83' lang='lat' dir='ltr'><strong>suavior</strong></span> <span class='ocrx_word' id='word_1_698' title='bbox 3020 4271 3347 4333; x_wconf 74' lang='lat' dir='ltr'><strong>fragrantia</strong></span> <span class='ocrx_word' id='word_1_699' title='bbox 3387 4271 3818 4331; x_wconf 78' lang='lat' dir='ltr'><strong>terebenthii</strong></span> 
     </span>
    </p>
   </div>
   <div class='ocr_carea' id='block_1_107' title="bbox 2259 4358 3779 4434">
    <p class='ocr_par' dir='ltr' id='par_1_107' title="bbox 2259 4358 3779 4434">
     <span class='ocr_line' id='line_1_107' title="bbox 2259 4358 3779 4434; baseline 0.003 -19"><span class='ocrx_word' id='word_1_700' title='bbox 2259 4358 2534 4425; x_wconf 88' lang='lat' dir='ltr'><strong>balsami,</strong></span> <span class='ocrx_word' id='word_1_701' title='bbox 2569 4358 2803 4419; x_wconf 78' lang='lat' dir='ltr'><strong>atﬂans,</strong></span> <span class='ocrx_word' id='word_1_702' title='bbox 2834 4360 3069 4415; x_wconf 89' lang='lat' dir='ltr'><strong>illorum</strong></span> <span class='ocrx_word' id='word_1_703' title='bbox 3098 4361 3402 4416; x_wconf 84' lang='lat' dir='ltr'><strong>olfactum.</strong></span> <span class='ocrx_word' id='word_1_704' title='bbox 3441 4362 3779 4434; x_wconf 83' lang='lat' dir='ltr'><strong>Denique</strong></span> 
     </span>
    </p>
   </div>
   <div class='ocr_carea' id='block_1_108' title="bbox 2260 4449 3818 4520">
    <p class='ocr_par' dir='ltr' id='par_1_108' title="bbox 2260 4449 3818 4520">
     <span class='ocr_line' id='line_1_108' title="bbox 2260 4449 3818 4520; baseline 0.001 -15"><span class='ocrx_word' id='word_1_705' title='bbox 2260 4449 2534 4505; x_wconf 88' lang='lat' dir='ltr'><strong>tumbam</strong></span> <span class='ocrx_word' id='word_1_706' title='bbox 2567 4452 2992 4503; x_wconf 86' lang='lat' dir='ltr'><strong>contruxerunt</strong></span> <span class='ocrx_word' id='word_1_707' title='bbox 3020 4450 3184 4504; x_wconf 67' lang='lat' dir='ltr'><strong>mirae</strong></span> <span class='ocrx_word' id='word_1_708' title='bbox 3216 4450 3746 4520; x_wconf 79' lang='lat' dir='ltr'><strong>pulchritudinis</strong></span> <span class='ocrx_word' id='word_1_709' title='bbox 3809 4476 3818 4505; x_wconf 77' lang='lat' dir='ltr'><strong>t</strong></span> 
     </span>
    </p>
   </div>
   <div class='ocr_carea' id='block_1_109' title="bbox 2259 4537 3818 4609">
    <p class='ocr_par' dir='ltr' id='par_1_109' title="bbox 2259 4537 3818 4609">
     <span class='ocr_line' id='line_1_109' title="bbox 2259 4537 3818 4609; baseline 0.004 -17"><span class='ocrx_word' id='word_1_710' title='bbox 2259 4538 2401 4603; x_wconf 89' lang='lat' dir='ltr'><strong>1am,</strong></span> <span class='ocrx_word' id='word_1_711' title='bbox 2447 4537 2706 4592; x_wconf 76' lang='lat' dir='ltr'><strong>basilicae</strong></span> <span class='ocrx_word' id='word_1_712' title='bbox 2755 4542 3059 4608; x_wconf 72' lang='lat' dir='ltr'><strong>protensss</strong></span> <span class='ocrx_word' id='word_1_713' title='bbox 3106 4538 3535 4609; x_wconf 84' lang='lat' dir='ltr'><strong>amplitudinis</strong></span> <span class='ocrx_word' id='word_1_714' title='bbox 3606 4542 3818 4599; x_wconf 77' lang='lat' dir='ltr'><strong>Inira</strong></span> 
     </span>
    </p>
   </div>
   <div class='ocr_carea' id='block_1_110' title="bbox 2259 4626 3801 4697">
    <p class='ocr_par' dir='ltr' id='par_1_110' title="bbox 2259 4626 3801 4697">
     <span class='ocr_line' id='line_1_110' title="bbox 2259 4626 3801 4697; baseline 0.003 -17"><span class='ocrx_word' id='word_1_715' title='bbox 2259 4627 2563 4682; x_wconf 89' lang='lat' dir='ltr'><strong>innexam.</strong></span> <span class='ocrx_word' id='word_1_716' title='bbox 2600 4626 2835 4697; x_wconf 90' lang='lat' dir='ltr'><strong>lllieque</strong></span> <span class='ocrx_word' id='word_1_717' title='bbox 2866 4626 3093 4689; x_wconf 92' lang='lat' dir='ltr'><strong>colitur,</strong></span> <span class='ocrx_word' id='word_1_718' title='bbox 3128 4627 3380 4681; x_wconf 89' lang='lat' dir='ltr'><strong>vallatus</strong></span> <span class='ocrx_word' id='word_1_719' title='bbox 3411 4626 3801 4685; x_wconf 87' lang='lat' dir='ltr'><strong>columnis</strong></span> 
     </span>
    </p>
   </div>
   <div class='ocr_carea' id='block_1_111' title="bbox 2257 4715 3818 4785">
    <p class='ocr_par' dir='ltr' id='par_1_111' title="bbox 2257 4715 3818 4785">
     <span class='ocr_line' id='line_1_111' title="bbox 2257 4715 3818 4785; baseline 0.002 -15"><span class='ocrx_word' id='word_1_720' title='bbox 2257 4716 2460 4784; x_wconf 88' lang='lat' dir='ltr'><strong>ﬁce,et</strong></span> <span class='ocrx_word' id='word_1_721' title='bbox 2490 4716 2698 4769; x_wconf 88' lang='lat' dir='ltr'><strong>tumba</strong></span> <span class='ocrx_word' id='word_1_722' title='bbox 2720 4733 2732 4780; x_wconf 90' lang='lat'><strong>;</strong></span> <span class='ocrx_word' id='word_1_723' title='bbox 2752 4731 2888 4769; x_wconf 88' lang='lat' dir='ltr'><strong>cum</strong></span> <span class='ocrx_word' id='word_1_724' title='bbox 2908 4715 3136 4770; x_wconf 86' lang='lat' dir='ltr'><strong>Christo</strong></span> <span class='ocrx_word' id='word_1_725' title='bbox 3158 4719 3642 4770; x_wconf 84' lang='lat' dir='ltr'><strong>resurrecturus</strong></span> <span class='ocrx_word' id='word_1_726' title='bbox 3680 4719 3767 4773; x_wconf 87' lang='lat' dir='ltr'><strong>in</strong></span> <span class='ocrx_word' id='word_1_727' title='bbox 3808 4738 3818 4785; x_wconf 69' lang='grc' dir='ltr'>ι</span> 
     </span>
    </p>
   </div>
   <div class='ocr_carea' id='block_1_112' title="bbox 2261 4804 3817 4876">
    <p class='ocr_par' dir='ltr' id='par_1_112' title="bbox 2261 4804 3817 4876">
     <span class='ocr_line' id='line_1_112' title="bbox 2261 4804 3817 4876; baseline 0.002 -15"><span class='ocrx_word' id='word_1_728' title='bbox 2261 4804 2579 4876; x_wconf 88' lang='lat' dir='ltr'><strong>Complens</strong></span> <span class='ocrx_word' id='word_1_729' title='bbox 2605 4820 2868 4875; x_wconf 90' lang='lat' dir='ltr'><strong>namque</strong></span> <span class='ocrx_word' id='word_1_730' title='bbox 2895 4821 3135 4859; x_wconf 90' lang='lat' dir='ltr'><strong>cursum</strong></span> <span class='ocrx_word' id='word_1_731' title='bbox 3166 4805 3349 4874; x_wconf 85' lang='lat' dir='ltr'><strong>hujus</strong></span> <span class='ocrx_word' id='word_1_732' title='bbox 3381 4805 3662 4873; x_wconf 75' lang='lat' dir='ltr'><strong>fragilis</strong></span> <span class='ocrx_word' id='word_1_733' title='bbox 3704 4811 3817 4864; x_wconf 73' lang='lat' dir='ltr'><strong>vit</strong></span> 
     </span>
    </p>
   </div>
   <div class='ocr_carea' id='block_1_113' title="bbox 2260 4892 3818 4961">
    <p class='ocr_par' dir='ltr' id='par_1_113' title="bbox 2260 4892 3818 4961">
     <span class='ocr_line' id='line_1_113' title="bbox 2260 4892 3818 4961; baseline 0.002 -13"><span class='ocrx_word' id='word_1_734' title='bbox 2260 4909 2518 4961; x_wconf 85' lang='lat' dir='ltr'><strong>magnus</strong></span> <span class='ocrx_word' id='word_1_735' title='bbox 2546 4893 2878 4947; x_wconf 84' lang='lat' dir='ltr'><strong>Richardus</strong></span> <span class='ocrx_word' id='word_1_736' title='bbox 2908 4892 3053 4946; x_wconf 91' lang='lat' dir='ltr'><strong>obiit</strong></span> <span class='ocrx_word' id='word_1_737' title='bbox 3082 4909 3243 4947; x_wconf 88' lang='lat' dir='ltr'><strong>anno</strong></span> <span class='ocrx_word' id='word_1_738' title='bbox 3268 4893 3345 4948; x_wconf 87' lang='lat' dir='ltr'><strong>ab</strong></span> <span class='ocrx_word' id='word_1_739' title='bbox 3373 4894 3818 4951; x_wconf 83' lang='lat' dir='ltr'><strong>Incarnatio</strong></span> 
     </span>
    </p>
   </div>
   <div class='ocr_carea' id='block_1_114' title="bbox 2259 4981 3787 5041">
    <p class='ocr_par' dir='ltr' id='par_1_114' title="bbox 2259 4981 3787 5041">
     <span class='ocr_line' id='line_1_114' title="bbox 2259 4981 3787 5041; baseline 0.004 -5"><span class='ocrx_word' id='word_1_740' title='bbox 2259 4981 2407 5036; x_wconf 90' lang='lat' dir='ltr'><strong>mini</strong></span> <span class='ocrx_word' id='word_1_741' title='bbox 2438 4981 2619 5035; x_wconf 89' lang='lat' dir='ltr'><strong>nostri</strong></span> <span class='ocrx_word' id='word_1_742' title='bbox 2647 4981 3026 5036; x_wconf 82' lang='lat' dir='ltr'><strong>Jesu-Christi</strong></span> <span class='ocrx_word' id='word_1_743' title='bbox 3058 4981 3371 5035; x_wconf 87' lang='lat' dir='ltr'><strong>millesimo</strong></span> <span class='ocrx_word' id='word_1_744' title='bbox 3399 4985 3787 5041; x_wconf 82' lang='lat' dir='ltr'><strong>secundo.</strong></span> 
     </span>
    </p>
   </div>
   <div class='ocr_carea' id='block_1_115' title="bbox 2262 5068 3605 5140">
    <p class='ocr_par' dir='ltr' id='par_1_115' title="bbox 2262 5068 3605 5140">
     <span class='ocr_line' id='line_1_115' title="bbox 2262 5068 3605 5140; baseline -0.002 -14"><span class='ocrx_word' id='word_1_745' title='bbox 2262 5072 2304 5126; x_wconf 93' lang='grc' dir='ltr'><strong>Ο</strong></span> <span class='ocrx_word' id='word_1_746' title='bbox 2339 5068 2575 5124; x_wconf 77' lang='lat' dir='ltr'><strong>Fiscane</strong></span> <span class='ocrx_word' id='word_1_747' title='bbox 2602 5068 2784 5124; x_wconf 88' lang='lat' dir='ltr'><strong>sacris</strong></span> <span class='ocrx_word' id='word_1_748' title='bbox 2816 5084 3053 5140; x_wconf 90' lang='lat' dir='ltr'><strong>semper</strong></span> <span class='ocrx_word' id='word_1_749' title='bbox 3074 5069 3324 5124; x_wconf 80' lang='lat' dir='ltr'><strong>facunde</strong></span> <span class='ocrx_word' id='word_1_750' title='bbox 3342 5068 3605 5136; x_wconf 85' lang='lat' dir='ltr'><strong>favilis,</strong></span> 
     </span>
    </p>
   </div>
   <div class='ocr_carea' id='block_1_116' title="bbox 2264 5157 3818 5220">
    <p class='ocr_par' dir='ltr' id='par_1_116' title="bbox 2264 5157 3818 5220">
     <span class='ocr_line' id='line_1_116' title="bbox 2264 5157 3818 5220; baseline 0.004 -6"><span class='ocrx_word' id='word_1_751' title='bbox 2264 5160 2615 5214; x_wconf 90' lang='lat' dir='ltr'><strong>Sanctorum</strong></span> <span class='ocrx_word' id='word_1_752' title='bbox 2644 5157 2869 5211; x_wconf 89' lang='lat' dir='ltr'><strong>cineres</strong></span> <span class='ocrx_word' id='word_1_753' title='bbox 2897 5158 3246 5212; x_wconf 88' lang='lat' dir='ltr'><strong>meritorum</strong></span> <span class='ocrx_word' id='word_1_754' title='bbox 3274 5157 3416 5213; x_wconf 87' lang='lat' dir='ltr'><strong>ﬂore</strong></span> <span class='ocrx_word' id='word_1_755' title='bbox 3454 5159 3818 5220; x_wconf 76' lang='lat' dir='ltr'><strong>micante</strong></span> 
     </span>
    </p>
   </div>
   <div class='ocr_carea' id='block_1_117' title="bbox 2261 5245 3818 5317">
    <p class='ocr_par' dir='ltr' id='par_1_117' title="bbox 2261 5245 3818 5317">
     <span class='ocr_line' id='line_1_117' title="bbox 2261 5245 3818 5317; baseline 0.005 -16"><span class='ocrx_word' id='word_1_756' title='bbox 2261 5250 2325 5301; x_wconf 89' lang='lat' dir='ltr'><strong>In</strong></span> <span class='ocrx_word' id='word_1_757' title='bbox 2353 5245 2578 5314; x_wconf 86' lang='lat' dir='ltr'><strong>gremio</strong></span> <span class='ocrx_word' id='word_1_758' title='bbox 2609 5249 2775 5299; x_wconf 71' lang='lat' dir='ltr'><strong>terrea</strong></span> <span class='ocrx_word' id='word_1_759' title='bbox 2802 5261 3165 5301; x_wconf 86' lang='lat' dir='ltr'><strong>conservans</strong></span> <span class='ocrx_word' id='word_1_760' title='bbox 3184 5246 3445 5317; x_wconf 89' lang='lat' dir='ltr'><strong>jamque</strong></span> <span class='ocrx_word' id='word_1_761' title='bbox 3486 5258 3818 5308; x_wconf 72' lang='lat' dir='ltr'><strong>sacrata</strong></span> 
     </span>
    </p>
   </div>
   <div class='ocr_carea' id='block_1_118' title="bbox 2261 5333 3533 5406">
    <p class='ocr_par' dir='ltr' id='par_1_118' title="bbox 2261 5333 3533 5406">
     <span class='ocr_line' id='line_1_118' title="bbox 2261 5333 3533 5406; baseline 0.002 -17"><span class='ocrx_word' id='word_1_762' title='bbox 2261 5335 2443 5389; x_wconf 88' lang='lat' dir='ltr'><strong>Trina</strong></span> <span class='ocrx_word' id='word_1_763' title='bbox 2468 5333 2812 5406; x_wconf 90' lang='lat' dir='ltr'><strong>resplendes</strong></span> <span class='ocrx_word' id='word_1_764' title='bbox 2838 5334 3083 5406; x_wconf 84' lang='lat' dir='ltr'><strong>profusa</strong></span> <span class='ocrx_word' id='word_1_765' title='bbox 3113 5335 3249 5389; x_wconf 89' lang='lat' dir='ltr'><strong>dote</strong></span> <span class='ocrx_word' id='word_1_766' title='bbox 3274 5335 3533 5391; x_wconf 86' lang='lat' dir='ltr'><strong>salutis.</strong></span> 
     </span>
    </p>
   </div>
   <div class='ocr_carea' id='block_1_119' title="bbox 2262 5421 3593 5493">
    <p class='ocr_par' dir='ltr' id='par_1_119' title="bbox 2262 5421 3593 5493">
     <span class='ocr_line' id='line_1_119' title="bbox 2262 5421 3593 5493; baseline 0 -14"><span class='ocrx_word' id='word_1_767' title='bbox 2262 5423 2414 5479; x_wconf 82' lang='lat' dir='ltr'><strong>Ulim</strong></span> <span class='ocrx_word' id='word_1_768' title='bbox 2434 5421 2698 5491; x_wconf 86' lang='lat' dir='ltr'><strong>virgineo</strong></span> <span class='ocrx_word' id='word_1_769' title='bbox 2729 5421 2987 5477; x_wconf 91' lang='lat' dir='ltr'><strong>micuisti</strong></span> <span class='ocrx_word' id='word_1_770' title='bbox 3011 5426 3324 5477; x_wconf 90' lang='lat' dir='ltr'><strong>stemmate</strong></span> <span class='ocrx_word' id='word_1_771' title='bbox 3352 5439 3593 5493; x_wconf 79' lang='lat' dir='ltr'><strong>sacro,</strong></span> 
     </span>
    </p>
   </div>
   <div class='ocr_carea' id='block_1_120' title="bbox 2262 5509 3759 5582">
    <p class='ocr_par' dir='ltr' id='par_1_120' title="bbox 2262 5509 3759 5582">
     <span class='ocr_line' id='line_1_120' title="bbox 2262 5509 3759 5582; baseline 0.002 -16"><span class='ocrx_word' id='word_1_772' title='bbox 2262 5513 2410 5567; x_wconf 90' lang='lat' dir='ltr'><strong>Cum</strong></span> <span class='ocrx_word' id='word_1_773' title='bbox 2441 5509 2871 5579; x_wconf 85' lang='lat' dir='ltr'><strong>Leodegarium</strong></span> <span class='ocrx_word' id='word_1_774' title='bbox 2902 5510 3145 5565; x_wconf 85' lang='lat' dir='ltr'><strong>servasti</strong></span> <span class='ocrx_word' id='word_1_775' title='bbox 3169 5510 3299 5565; x_wconf 91' lang='lat' dir='ltr'><strong>luce</strong></span> <span class='ocrx_word' id='word_1_776' title='bbox 3322 5510 3759 5582; x_wconf 80' lang='lat' dir='ltr'><strong>privatum.</strong></span> 
     </span>
    </p>
   </div>
   <div class='ocr_carea' id='block_1_121' title="bbox 2261 5597 3787 5671">
    <p class='ocr_par' dir='ltr' id='par_1_121' title="bbox 2261 5597 3787 5671">
     <span class='ocr_line' id='line_1_121' title="bbox 2261 5597 3787 5671; baseline 0.007 -17"><span class='ocrx_word' id='word_1_777' title='bbox 2261 5598 2688 5669; x_wconf 85' lang='lat' dir='ltr'><strong>Elinguemque</strong></span> <span class='ocrx_word' id='word_1_778' title='bbox 2719 5614 2982 5669; x_wconf 88' lang='lat' dir='ltr'><strong>sacrum,</strong></span> <span class='ocrx_word' id='word_1_779' title='bbox 3005 5597 3313 5671; x_wconf 89' lang='lat' dir='ltr'><strong>multoque</strong></span> <span class='ocrx_word' id='word_1_780' title='bbox 3338 5603 3395 5654; x_wconf 87' lang='lat' dir='ltr'><strong>et</strong></span> <span class='ocrx_word' id='word_1_781' title='bbox 3415 5602 3787 5665; x_wconf 82' lang='lat' dir='ltr'><strong>verbere</strong></span> 
     </span>
    </p>
   </div>
   <div class='ocr_carea' id='block_1_122' title="bbox 2264 5685 3633 5760">
    <p class='ocr_par' dir='ltr' id='par_1_122' title="bbox 2264 5685 3633 5760">
     <span class='ocr_line' id='line_1_122' title="bbox 2264 5685 3633 5760; baseline 0.004 -17"><span class='ocrx_word' id='word_1_782' title='bbox 2264 5690 2312 5742; x_wconf 76' lang='grc' dir='ltr'>Α</span> <span class='ocrx_word' id='word_1_783' title='bbox 2337 5687 2488 5743; x_wconf 88' lang='lat' dir='ltr'><strong>duce</strong></span> <span class='ocrx_word' id='word_1_784' title='bbox 2510 5685 2762 5742; x_wconf 89' lang='lat' dir='ltr'><strong>Ebroino</strong></span> <span class='ocrx_word' id='word_1_785' title='bbox 2788 5686 3080 5743; x_wconf 81' lang='lat' dir='ltr'><strong>scelerum</strong></span> <span class='ocrx_word' id='word_1_786' title='bbox 3104 5687 3289 5743; x_wconf 85' lang='lat' dir='ltr'><strong>livore</strong></span> <span class='ocrx_word' id='word_1_787' title='bbox 3318 5688 3633 5760; x_wconf 78' lang='lat' dir='ltr'><strong>repleto.</strong></span> 
     </span>
    </p>
   </div>
  </div>
