  <div class='ocr_page' id='page_1' title='image "/cluster/home/n/w/nwhite01/storage/ocr_20150623/140-141/uc1.31175018559917/954.png"; bbox 0 0 3980 6376; ppageno 0'>
   <div class='ocr_carea' id='block_1_1' title="bbox 108 257 3540 329">
    <p class='ocr_par' dir='ltr' id='par_1_1' title="bbox 108 257 3540 329">
     <span class='ocr_line' id='line_1_1' title="bbox 108 257 3540 329; baseline -0 -13"><span class='ocrx_word' id='word_1_1' title='bbox 108 267 212 318; x_wconf 78' lang='lat'>757</span> <span class='ocrx_word' id='word_1_2' title='bbox 863 265 950 317; x_wconf 89' lang='lat' dir='ltr'>DE</span> <span class='ocrx_word' id='word_1_3' title='bbox 983 263 1223 317; x_wconf 86' lang='lat' dir='ltr'>GESTIS</span> <span class='ocrx_word' id='word_1_4' title='bbox 1250 258 1688 317; x_wconf 70' lang='lat' dir='ltr'>NORMANNl/E</span> <span class='ocrx_word' id='word_1_5' title='bbox 1721 257 1974 314; x_wconf 71' lang='lat' dir='ltr'>DUCUM.</span> <span class='ocrx_word' id='word_1_6' title='bbox 2010 292 2078 300; x_wconf 90' lang='lat'>—</span> <span class='ocrx_word' id='word_1_7' title='bbox 2112 261 2242 317; x_wconf 86' lang='lat' dir='ltr'>LIB.</span> <span class='ocrx_word' id='word_1_8' title='bbox 2281 264 2369 329; x_wconf 84' lang='lat' dir='ltr'>Ill,</span> <span class='ocrx_word' id='word_1_9' title='bbox 2402 262 2824 318; x_wconf 80' lang='lat' dir='ltr'>BICHARDUS.</span> <span class='ocrx_word' id='word_1_10' title='bbox 3436 263 3540 315; x_wconf 82' lang='lat'>758</span> 
     </span>
    </p>
   </div>
   <div class='ocr_carea' id='block_1_2' title="bbox 108 383 1688 455">
    <p class='ocr_par' dir='ltr' id='par_1_2' title="bbox 108 383 1688 455">
     <span class='ocr_line' id='line_1_2' title="bbox 108 383 1688 455; baseline -0.001 -17"><span class='ocrx_word' id='word_1_11' title='bbox 108 386 253 441; x_wconf 84' lang='lat' dir='ltr'>Hinc</span> <span class='ocrx_word' id='word_1_12' title='bbox 285 391 549 441; x_wconf 91' lang='lat' dir='ltr'>mactum</span> <span class='ocrx_word' id='word_1_13' title='bbox 574 386 801 441; x_wconf 79' lang='lat' dir='ltr'>Christo</span> <span class='ocrx_word' id='word_1_14' title='bbox 834 386 1130 440; x_wconf 88' lang='lat' dir='ltr'>urbertate</span> <span class='ocrx_word' id='word_1_15' title='bbox 1163 384 1392 439; x_wconf 82' lang='lat' dir='ltr'>favente</span> <span class='ocrx_word' id='word_1_16' title='bbox 1414 383 1688 455; x_wconf 73' lang='lat' dir='ltr'>loquelae,</span> 
     </span>
    </p>
   </div>
   <div class='ocr_carea' id='block_1_3' title="bbox 110 474 1404 548">
    <p class='ocr_par' dir='ltr' id='par_1_3' title="bbox 110 474 1404 548">
     <span class='ocr_line' id='line_1_3' title="bbox 110 474 1404 548; baseline -0.005 -15"><span class='ocrx_word' id='word_1_17' title='bbox 110 478 365 533; x_wconf 64' lang='lat' dir='ltr'>Sacrata:</span> <span class='ocrx_word' id='word_1_18' title='bbox 397 476 555 548; x_wconf 82' lang='lat' dir='ltr'>plebi</span> <span class='ocrx_word' id='word_1_19' title='bbox 578 477 797 546; x_wconf 84' lang='lat' dir='ltr'>jugiter</span> <span class='ocrx_word' id='word_1_20' title='bbox 830 476 1059 529; x_wconf 82' lang='lat' dir='ltr'>Christo</span> <span class='ocrx_word' id='word_1_21' title='bbox 1092 474 1404 529; x_wconf 86' lang='lat' dir='ltr'>famulanti</span> 
     </span>
    </p>
   </div>
   <div class='ocr_carea' id='block_1_4' title="bbox 110 563 1421 621">
    <p class='ocr_par' dir='ltr' id='par_1_4' title="bbox 110 563 1421 621">
     <span class='ocr_line' id='line_1_4' title="bbox 110 563 1421 621; baseline -0.002 -1"><span class='ocrx_word' id='word_1_22' title='bbox 110 569 248 620; x_wconf 88' lang='lat' dir='ltr'>Lust</span> <span class='ocrx_word' id='word_1_23' title='bbox 274 565 607 621; x_wconf 83' lang='lat' dir='ltr'>Gildeberta</span> <span class='ocrx_word' id='word_1_24' title='bbox 636 567 652 585; x_wconf 81' lang='lat'><em>“</em></span> <span class='ocrx_word' id='word_1_25' title='bbox 679 581 865 620; x_wconf 68' lang='lat' dir='ltr'>sacrae</span> <span class='ocrx_word' id='word_1_26' title='bbox 895 564 1137 619; x_wconf 84' lang='lat' dir='ltr'>cedente</span> <span class='ocrx_word' id='word_1_27' title='bbox 1168 563 1421 618; x_wconf 66' lang='lat' dir='ltr'>rubrica:</span> 
     </span>
    </p>
   </div>
   <div class='ocr_carea' id='block_1_5' title="bbox 110 652 1589 723">
    <p class='ocr_par' dir='ltr' id='par_1_5' title="bbox 110 652 1589 723">
     <span class='ocr_line' id='line_1_5' title="bbox 110 652 1589 723; baseline -0.005 -13"><span class='ocrx_word' id='word_1_28' title='bbox 110 658 431 711; x_wconf 87' lang='lat' dir='ltr'>Stemmate</span> <span class='ocrx_word' id='word_1_29' title='bbox 464 655 728 723; x_wconf 77' lang='lat' dir='ltr'>virgineo</span> <span class='ocrx_word' id='word_1_30' title='bbox 762 654 923 708; x_wconf 84' lang='lat' dir='ltr'>vario</span> <span class='ocrx_word' id='word_1_31' title='bbox 955 652 1297 707; x_wconf 89' lang='lat' dir='ltr'>discrimine</span> <span class='ocrx_word' id='word_1_32' title='bbox 1323 652 1589 723; x_wconf 84' lang='lat' dir='ltr'>dempto,</span> 
     </span>
    </p>
   </div>
   <div class='ocr_carea' id='block_1_6' title="bbox 110 740 1283 813">
    <p class='ocr_par' dir='ltr' id='par_1_6' title="bbox 110 740 1283 813">
     <span class='ocr_line' id='line_1_6' title="bbox 110 740 1283 813; baseline -0.002 -18"><span class='ocrx_word' id='word_1_33' title='bbox 110 747 169 795; x_wconf 93' lang='lat' dir='ltr'>In</span> <span class='ocrx_word' id='word_1_34' title='bbox 205 747 257 797; x_wconf 92' lang='lat' dir='ltr'>te</span> <span class='ocrx_word' id='word_1_35' title='bbox 285 743 572 797; x_wconf 62' lang='lat' dir='ltr'>sur-crevit</span> <span class='ocrx_word' id='word_1_36' title='bbox 603 742 778 795; x_wconf 76' lang='lat' dir='ltr'>virilis</span> <span class='ocrx_word' id='word_1_37' title='bbox 805 741 1103 813; x_wconf 85' lang='lat' dir='ltr'>practicus</span> <span class='ocrx_word' id='word_1_38' title='bbox 1134 740 1283 794; x_wconf 89' lang='lat' dir='ltr'>ordo</span> 
     </span>
    </p>
   </div>
   <div class='ocr_carea' id='block_1_7' title="bbox 103 826 1519 899">
    <p class='ocr_par' dir='ltr' id='par_1_7' title="bbox 103 826 1519 899">
     <span class='ocr_line' id='line_1_7' title="bbox 103 826 1519 899; baseline -0.003 -16"><span class='ocrx_word' id='word_1_39' title='bbox 103 831 417 885; x_wconf 86' lang='lat' dir='ltr'>Desudans</span> <span class='ocrx_word' id='word_1_40' title='bbox 442 834 578 884; x_wconf 85' lang='lat' dir='ltr'>Jesu</span> <span class='ocrx_word' id='word_1_41' title='bbox 610 830 939 899; x_wconf 71' lang='lat' dir='ltr'>longinquo</span> <span class='ocrx_word' id='word_1_42' title='bbox 972 832 1236 899; x_wconf 89' lang='lat' dir='ltr'>tempore</span> <span class='ocrx_word' id='word_1_43' title='bbox 1269 826 1519 891; x_wconf 79' lang='lat' dir='ltr'>Christo,</span> 
     </span>
    </p>
   </div>
   <div class='ocr_carea' id='block_1_8' title="bbox 105 915 1590 988">
    <p class='ocr_par' dir='ltr' id='par_1_8' title="bbox 105 915 1590 988">
     <span class='ocr_line' id='line_1_8' title="bbox 105 915 1590 988; baseline -0.003 -15"><span class='ocrx_word' id='word_1_44' title='bbox 105 923 274 974; x_wconf 90' lang='lat' dir='ltr'>Nunc</span> <span class='ocrx_word' id='word_1_45' title='bbox 300 920 505 974; x_wconf 87' lang='lat' dir='ltr'>rutilas</span> <span class='ocrx_word' id='word_1_46' title='bbox 537 919 745 973; x_wconf 89' lang='lat' dir='ltr'>merito</span> <span class='ocrx_word' id='word_1_47' title='bbox 776 916 1058 988; x_wconf 60' lang='lat' dir='ltr'>prfecelsa</span> <span class='ocrx_word' id='word_1_48' title='bbox 1087 921 1142 971; x_wconf 92' lang='lat' dir='ltr'>et</span> <span class='ocrx_word' id='word_1_49' title='bbox 1182 915 1424 970; x_wconf 87' lang='lat' dir='ltr'>nomine</span> <span class='ocrx_word' id='word_1_50' title='bbox 1453 915 1590 979; x_wconf 88' lang='lat' dir='ltr'>vita,</span> 
     </span>
    </p>
   </div>
   <div class='ocr_carea' id='block_1_9' title="bbox 102 1001 1768 1079">
    <p class='ocr_par' dir='ltr' id='par_1_9' title="bbox 102 1001 1768 1079">
     <span class='ocr_line' id='line_1_9' title="bbox 102 1001 1768 1079; baseline -0.004 -18"><span class='ocrx_word' id='word_1_51' title='bbox 102 1008 325 1064; x_wconf 83' lang='lat' dir='ltr'>Slrictis</span> <span class='ocrx_word' id='word_1_52' title='bbox 358 1008 666 1073; x_wconf 86' lang='lat' dir='ltr'>limitibus,</span> <span class='ocrx_word' id='word_1_53' title='bbox 702 1024 834 1079; x_wconf 79' lang='lat' dir='ltr'>quae</span> <span class='ocrx_word' id='word_1_54' title='bbox 866 1011 1027 1060; x_wconf 90' lang='lat' dir='ltr'>arcta</span> <span class='ocrx_word' id='word_1_55' title='bbox 1050 1008 1156 1072; x_wconf 90' lang='lat' dir='ltr'>est,</span> <span class='ocrx_word' id='word_1_56' title='bbox 1190 1003 1329 1058; x_wconf 88' lang='lat' dir='ltr'>hinc</span> <span class='ocrx_word' id='word_1_57' title='bbox 1360 1001 1500 1057; x_wconf 89' lang='lat' dir='ltr'>inde</span> <span class='ocrx_word' id='word_1_58' title='bbox 1527 1001 1768 1057; x_wconf 81' lang='lat' dir='ltr'>coactis.</span> 
     </span>
    </p>
   </div>
   <div class='ocr_carea' id='block_1_10' title="bbox 102 1093 1639 1170">
    <p class='ocr_par' dir='ltr' id='par_1_10' title="bbox 102 1093 1639 1170">
     <span class='ocr_line' id='line_1_10' title="bbox 102 1093 1639 1170; baseline -0.005 -18"><span class='ocrx_word' id='word_1_59' title='bbox 102 1100 220 1152; x_wconf 79' lang='lat' dir='ltr'>Nec</span> <span class='ocrx_word' id='word_1_60' title='bbox 252 1114 357 1169; x_wconf 86' lang='lat' dir='ltr'>per</span> <span class='ocrx_word' id='word_1_61' title='bbox 382 1097 564 1170; x_wconf 88' lang='lat' dir='ltr'>plana</span> <span class='ocrx_word' id='word_1_62' title='bbox 594 1096 771 1166; x_wconf 87' lang='lat' dir='ltr'>vehit,</span> <span class='ocrx_word' id='word_1_63' title='bbox 807 1094 1047 1149; x_wconf 82' lang='lat' dir='ltr'>molitur</span> <span class='ocrx_word' id='word_1_64' title='bbox 1074 1093 1151 1149; x_wconf 90' lang='lat' dir='ltr'>ad</span> <span class='ocrx_word' id='word_1_65' title='bbox 1183 1094 1373 1147; x_wconf 88' lang='lat' dir='ltr'>ardua</span> <span class='ocrx_word' id='word_1_66' title='bbox 1403 1107 1639 1163; x_wconf 88' lang='lat' dir='ltr'>semper</span> 
     </span>
    </p>
   </div>
   <div class='ocr_carea' id='block_1_11' title="bbox 107 1184 1769 1258">
    <p class='ocr_par' dir='ltr' id='par_1_11' title="bbox 107 1184 1769 1258">
     <span class='ocr_line' id='line_1_11' title="bbox 107 1184 1769 1258; baseline -0.004 -18"><span class='ocrx_word' id='word_1_67' title='bbox 107 1190 241 1241; x_wconf 64' lang='lat' dir='ltr'>Haec</span> <span class='ocrx_word' id='word_1_68' title='bbox 268 1192 323 1241; x_wconf 92' lang='lat' dir='ltr'>et</span> <span class='ocrx_word' id='word_1_69' title='bbox 352 1186 679 1258; x_wconf 71' lang='lat' dir='ltr'>apostolica</span> <span class='ocrx_word' id='word_1_70' title='bbox 711 1190 798 1239; x_wconf 84' lang='lat' dir='ltr'>est</span> <span class='ocrx_word' id='word_1_71' title='bbox 828 1184 1161 1254; x_wconf 86' lang='lat' dir='ltr'>eademque</span> <span class='ocrx_word' id='word_1_72' title='bbox 1190 1187 1479 1233; x_wconf 68' lang='lat' dir='ltr'>(-HiuPIKA</span> <span class='ocrx_word' id='word_1_73' title='bbox 1515 1185 1769 1246; x_wconf 87' lang='lat' dir='ltr'>tantum,</span> 
     </span>
    </p>
   </div>
   <div class='ocr_carea' id='block_1_12' title="bbox 106 1272 1375 1345">
    <p class='ocr_par' dir='ltr' id='par_1_12' title="bbox 106 1272 1375 1345">
     <span class='ocr_line' id='line_1_12' title="bbox 106 1272 1375 1345; baseline -0.005 -14"><span class='ocrx_word' id='word_1_74' title='bbox 106 1278 353 1331; x_wconf 87' lang='lat' dir='ltr'>Secessu</span> <span class='ocrx_word' id='word_1_75' title='bbox 388 1276 659 1345; x_wconf 84' lang='lat' dir='ltr'>gaudens</span> <span class='ocrx_word' id='word_1_76' title='bbox 692 1278 915 1329; x_wconf 81' lang='lat' dir='ltr'>secreto</span> <span class='ocrx_word' id='word_1_77' title='bbox 948 1273 1081 1327; x_wconf 62' lang='lat' dir='ltr'>laeta</span> <span class='ocrx_word' id='word_1_78' title='bbox 1111 1272 1375 1344; x_wconf 84' lang='lat' dir='ltr'>perenni.</span> 
     </span>
    </p>
   </div>
   <div class='ocr_carea' id='block_1_13' title="bbox 106 1358 1492 1430">
    <p class='ocr_par' dir='ltr' id='par_1_13' title="bbox 106 1358 1492 1430">
     <span class='ocr_line' id='line_1_13' title="bbox 106 1358 1492 1430; baseline -0.004 -12"><span class='ocrx_word' id='word_1_79' title='bbox 106 1365 206 1418; x_wconf 84' lang='lat' dir='ltr'>His</span> <span class='ocrx_word' id='word_1_80' title='bbox 239 1364 427 1418; x_wconf 89' lang='lat' dir='ltr'>tribus</span> <span class='ocrx_word' id='word_1_81' title='bbox 459 1363 768 1417; x_wconf 85' lang='lat' dir='ltr'>ordinibus</span> <span class='ocrx_word' id='word_1_82' title='bbox 800 1363 979 1430; x_wconf 83' lang='lat' dir='ltr'>digne</span> <span class='ocrx_word' id='word_1_83' title='bbox 1012 1362 1252 1415; x_wconf 83' lang='lat' dir='ltr'>sutl&#39;ulta</span> <span class='ocrx_word' id='word_1_84' title='bbox 1284 1358 1492 1427; x_wconf 80' lang='lat' dir='ltr'>beatis,</span> 
     </span>
    </p>
   </div>
   <div class='ocr_carea' id='block_1_14' title="bbox 106 1448 1553 1524">
    <p class='ocr_par' dir='ltr' id='par_1_14' title="bbox 106 1448 1553 1524">
     <span class='ocr_line' id='line_1_14' title="bbox 106 1448 1553 1524; baseline -0.002 -20"><span class='ocrx_word' id='word_1_85' title='bbox 106 1461 260 1524; x_wconf 67' lang='grc' dir='ltr'>Σῶμα</span> <span class='ocrx_word' id='word_1_86' title='bbox 288 1456 735 1507; x_wconf 88' lang='lat' dir='ltr'>sacrosanctum</span> <span class='ocrx_word' id='word_1_87' title='bbox 772 1450 1042 1505; x_wconf 83' lang='lat' dir='ltr'>Richardi</span> <span class='ocrx_word' id='word_1_88' title='bbox 1068 1449 1363 1521; x_wconf 70' lang='lat' dir='ltr'>pl‘zeducis</span> <span class='ocrx_word' id='word_1_89' title='bbox 1390 1448 1553 1513; x_wconf 86' lang='lat' dir='ltr'>almi,</span> 
     </span>
    </p>
   </div>
   <div class='ocr_carea' id='block_1_15' title="bbox 103 1536 1481 1612">
    <p class='ocr_par' dir='ltr' id='par_1_15' title="bbox 103 1536 1481 1612">
     <span class='ocr_line' id='line_1_15' title="bbox 103 1536 1481 1612; baseline -0.004 -17"><span class='ocrx_word' id='word_1_90' title='bbox 103 1542 288 1611; x_wconf 86' lang='lat' dir='ltr'>Cujus</span> <span class='ocrx_word' id='word_1_91' title='bbox 321 1546 381 1595; x_wconf 88' lang='lat' dir='ltr'>tu</span> <span class='ocrx_word' id='word_1_92' title='bbox 412 1540 689 1612; x_wconf 76' lang='lat' dir='ltr'>precibus</span> <span class='ocrx_word' id='word_1_93' title='bbox 722 1538 815 1593; x_wconf 89' lang='lat' dir='ltr'>luc</span> <span class='ocrx_word' id='word_1_94' title='bbox 848 1538 1263 1609; x_wconf 81' lang='lat' dir='ltr'>puriﬁcaberis</span> <span class='ocrx_word' id='word_1_95' title='bbox 1296 1536 1481 1603; x_wconf 90' lang='lat' dir='ltr'>omni,</span> 
     </span>
    </p>
   </div>
   <div class='ocr_carea' id='block_1_16' title="bbox 108 1625 1554 1700">
    <p class='ocr_par' dir='ltr' id='par_1_16' title="bbox 108 1625 1554 1700">
     <span class='ocr_line' id='line_1_16' title="bbox 108 1625 1554 1700; baseline -0.005 -15"><span class='ocrx_word' id='word_1_96' title='bbox 108 1636 170 1686; x_wconf 89' lang='lat' dir='ltr'>Et</span> <span class='ocrx_word' id='word_1_97' title='bbox 201 1631 375 1700; x_wconf 91' lang='lat' dir='ltr'>cujus</span> <span class='ocrx_word' id='word_1_98' title='bbox 406 1630 628 1684; x_wconf 87' lang='lat' dir='ltr'>meritis</span> <span class='ocrx_word' id='word_1_99' title='bbox 659 1629 947 1696; x_wconf 84' lang='lat' dir='ltr'>migrabis</span> <span class='ocrx_word' id='word_1_100' title='bbox 979 1628 1055 1681; x_wconf 89' lang='lat' dir='ltr'>ad</span> <span class='ocrx_word' id='word_1_101' title='bbox 1086 1628 1305 1681; x_wconf 67' lang='lat' dir='ltr'>aethera</span> <span class='ocrx_word' id='word_1_102' title='bbox 1336 1625 1554 1693; x_wconf 77' lang='lat' dir='ltr'>dignis,</span> 
     </span>
    </p>
   </div>
   <div class='ocr_carea' id='block_1_17' title="bbox 108 1714 1445 1786">
    <p class='ocr_par' dir='ltr' id='par_1_17' title="bbox 108 1714 1445 1786">
     <span class='ocr_line' id='line_1_17' title="bbox 108 1714 1445 1786; baseline -0.004 -12"><span class='ocrx_word' id='word_1_103' title='bbox 108 1724 251 1774; x_wconf 82' lang='lat' dir='ltr'>Ecce</span> <span class='ocrx_word' id='word_1_104' title='bbox 281 1720 536 1774; x_wconf 90' lang='lat' dir='ltr'>decussa</span> <span class='ocrx_word' id='word_1_105' title='bbox 570 1722 731 1771; x_wconf 87' lang='lat' dir='ltr'>tenes</span> <span class='ocrx_word' id='word_1_106' title='bbox 764 1736 776 1777; x_wconf 83' lang='lat'><strong>;</strong></span> <span class='ocrx_word' id='word_1_107' title='bbox 811 1718 981 1786; x_wconf 81' lang='lat' dir='ltr'>cujus</span> <span class='ocrx_word' id='word_1_108' title='bbox 1010 1720 1158 1770; x_wconf 91' lang='lat' dir='ltr'>nutu</span> <span class='ocrx_word' id='word_1_109' title='bbox 1190 1714 1445 1781; x_wconf 80' lang='lat' dir='ltr'>viguisti,</span> 
     </span>
    </p>
   </div>
   <div class='ocr_carea' id='block_1_18' title="bbox 108 1802 1220 1878">
    <p class='ocr_par' dir='ltr' id='par_1_18' title="bbox 108 1802 1220 1878">
     <span class='ocr_line' id='line_1_18' title="bbox 108 1802 1220 1878; baseline -0.006 -15"><span class='ocrx_word' id='word_1_110' title='bbox 108 1811 169 1863; x_wconf 89' lang='lat' dir='ltr'>Et</span> <span class='ocrx_word' id='word_1_111' title='bbox 196 1807 371 1877; x_wconf 88' lang='lat' dir='ltr'>cujus</span> <span class='ocrx_word' id='word_1_112' title='bbox 403 1805 733 1878; x_wconf 89' lang='lat' dir='ltr'>patrocinio</span> <span class='ocrx_word' id='word_1_113' title='bbox 766 1804 1009 1859; x_wconf 71' lang='lat' dir='ltr'>suffulta</span> <span class='ocrx_word' id='word_1_114' title='bbox 1042 1802 1220 1867; x_wconf 83' lang='lat' dir='ltr'>fuisti,</span> 
     </span>
    </p>
   </div>
   <div class='ocr_carea' id='block_1_19' title="bbox 106 1890 1427 1964">
    <p class='ocr_par' dir='ltr' id='par_1_19' title="bbox 106 1890 1427 1964">
     <span class='ocr_line' id='line_1_19' title="bbox 106 1890 1427 1964; baseline -0.005 -12"><span class='ocrx_word' id='word_1_115' title='bbox 106 1899 342 1953; x_wconf 82' lang='lat' dir='ltr'>Munere</span> <span class='ocrx_word' id='word_1_116' title='bbox 367 1894 600 1964; x_wconf 82' lang='lat' dir='ltr'>largiﬂo</span> <span class='ocrx_word' id='word_1_117' title='bbox 628 1899 682 1949; x_wconf 90' lang='lat' dir='ltr'>et</span> <span class='ocrx_word' id='word_1_118' title='bbox 713 1895 883 1964; x_wconf 89' lang='lat' dir='ltr'>cujus</span> <span class='ocrx_word' id='word_1_119' title='bbox 912 1892 1155 1947; x_wconf 85' lang='lat' dir='ltr'>sutl&#39;ulta</span> <span class='ocrx_word' id='word_1_120' title='bbox 1183 1890 1427 1959; x_wconf 82' lang='lat' dir='ltr'>vigebis.</span> 
     </span>
    </p>
   </div>
   <div class='ocr_carea' id='block_1_20' title="bbox 752 2000 1134 2038">
    <p class='ocr_par' dir='ltr' id='par_1_20' title="bbox 752 2000 1134 2038">
     <span class='ocr_line' id='line_1_20' title="bbox 752 2000 1134 2038; baseline -0.003 -1"><span class='ocrx_word' id='word_1_121' title='bbox 752 2000 1134 2038; x_wconf 68' lang='lat' dir='ltr'>APOSTROPHA.</span> 
     </span>
    </p>
   </div>
   <div class='ocr_carea' id='block_1_21' title="bbox 107 2070 1423 2149">
    <p class='ocr_par' dir='ltr' id='par_1_21' title="bbox 107 2070 1423 2149">
     <span class='ocr_line' id='line_1_21' title="bbox 107 2070 1423 2149; baseline -0.005 -19"><span class='ocrx_word' id='word_1_122' title='bbox 107 2076 147 2132; x_wconf 94' lang='grc' dir='ltr'><strong>Ο</strong></span> <span class='ocrx_word' id='word_1_123' title='bbox 175 2072 281 2149; x_wconf 88' lang='lat' dir='ltr'>qui</span> <span class='ocrx_word' id='word_1_124' title='bbox 308 2072 563 2128; x_wconf 84' lang='lat' dir='ltr'>ﬁnitimo</span> <span class='ocrx_word' id='word_1_125' title='bbox 587 2070 857 2144; x_wconf 86' lang='lat' dir='ltr'>disponis</span> <span class='ocrx_word' id='word_1_126' title='bbox 890 2072 1158 2138; x_wconf 78' lang='lat' dir='ltr'>regmine</span> <span class='ocrx_word' id='word_1_127' title='bbox 1190 2076 1423 2137; x_wconf 91' lang='lat' dir='ltr'>cuncta,</span> 
     </span>
    </p>
   </div>
   <div class='ocr_carea' id='block_1_22' title="bbox 171 2159 1517 2234">
    <p class='ocr_par' dir='ltr' id='par_1_22' title="bbox 171 2159 1517 2234">
     <span class='ocr_line' id='line_1_22' title="bbox 171 2159 1517 2234; baseline -0.002 -15"><span class='ocrx_word' id='word_1_128' title='bbox 171 2165 310 2219; x_wconf 87' lang='lat' dir='ltr'>Jure</span> <span class='ocrx_word' id='word_1_129' title='bbox 342 2161 636 2217; x_wconf 86' lang='lat' dir='ltr'>elementa</span> <span class='ocrx_word' id='word_1_130' title='bbox 664 2161 859 2225; x_wconf 77' lang='lat' dir='ltr'>ligans</span> <span class='ocrx_word' id='word_1_131' title='bbox 890 2160 1111 2216; x_wconf 65' lang='lat' dir='ltr'>fredere</span> <span class='ocrx_word' id='word_1_132' title='bbox 1143 2159 1517 2234; x_wconf 89' lang='lat' dir='ltr'>complacito.</span> 
     </span>
    </p>
   </div>
   <div class='ocr_carea' id='block_1_23' title="bbox 107 2249 1519 2323">
    <p class='ocr_par' dir='ltr' id='par_1_23' title="bbox 107 2249 1519 2323">
     <span class='ocr_line' id='line_1_23' title="bbox 107 2249 1519 2323; baseline -0.004 -15"><span class='ocrx_word' id='word_1_133' title='bbox 107 2251 398 2318; x_wconf 88' lang='lat' dir='ltr'>Quatinus</span> <span class='ocrx_word' id='word_1_134' title='bbox 428 2251 615 2321; x_wconf 86' lang='lat' dir='ltr'>algori</span> <span class='ocrx_word' id='word_1_135' title='bbox 643 2251 941 2323; x_wconf 86' lang='lat' dir='ltr'>crepitans</span> <span class='ocrx_word' id='word_1_136' title='bbox 976 2249 1137 2305; x_wconf 87' lang='lat' dir='ltr'>calor</span> <span class='ocrx_word' id='word_1_137' title='bbox 1167 2249 1519 2311; x_wconf 83' lang='lat' dir='ltr'>associatus,</span> 
     </span>
    </p>
   </div>
   <div class='ocr_carea' id='block_1_24' title="bbox 174 2337 1349 2409">
    <p class='ocr_par' dir='ltr' id='par_1_24' title="bbox 174 2337 1349 2409">
     <span class='ocr_line' id='line_1_24' title="bbox 174 2337 1349 2409; baseline -0.004 -14"><span class='ocrx_word' id='word_1_138' title='bbox 174 2342 329 2408; x_wconf 86' lang='lat' dir='ltr'>Lege</span> <span class='ocrx_word' id='word_1_139' title='bbox 357 2337 471 2393; x_wconf 89' lang='lat' dir='ltr'>sub</span> <span class='ocrx_word' id='word_1_140' title='bbox 497 2338 725 2393; x_wconf 89' lang='lat' dir='ltr'>alterna</span> <span class='ocrx_word' id='word_1_141' title='bbox 755 2337 909 2392; x_wconf 90' lang='lat' dir='ltr'>cedit</span> <span class='ocrx_word' id='word_1_142' title='bbox 939 2338 1114 2409; x_wconf 87' lang='lat' dir='ltr'>aquis</span> <span class='ocrx_word' id='word_1_143' title='bbox 1143 2343 1198 2392; x_wconf 92' lang='lat' dir='ltr'>et</span> <span class='ocrx_word' id='word_1_144' title='bbox 1229 2353 1349 2392; x_wconf 91' lang='lat' dir='ltr'>aer.</span> 
     </span>
    </p>
   </div>
   <div class='ocr_carea' id='block_1_25' title="bbox 107 2425 1663 2489">
    <p class='ocr_par' dir='ltr' id='par_1_25' title="bbox 107 2425 1663 2489">
     <span class='ocr_line' id='line_1_25' title="bbox 107 2425 1663 2489; baseline -0.005 -5"><span class='ocrx_word' id='word_1_145' title='bbox 107 2430 309 2484; x_wconf 86' lang='lat' dir='ltr'>Grates</span> <span class='ocrx_word' id='word_1_146' title='bbox 342 2431 400 2481; x_wconf 92' lang='lat' dir='ltr'>et</span> <span class='ocrx_word' id='word_1_147' title='bbox 426 2425 669 2481; x_wconf 91' lang='lat' dir='ltr'>meritos</span> <span class='ocrx_word' id='word_1_148' title='bbox 704 2426 805 2481; x_wconf 85' lang='lat' dir='ltr'>tibi</span> <span class='ocrx_word' id='word_1_149' title='bbox 840 2442 999 2480; x_wconf 91' lang='lat' dir='ltr'>nunc</span> <span class='ocrx_word' id='word_1_150' title='bbox 1037 2442 1347 2481; x_wconf 86' lang='lat' dir='ltr'>sacramus</span> <span class='ocrx_word' id='word_1_151' title='bbox 1379 2425 1663 2489; x_wconf 78' lang='lat' dir='ltr'>honores,</span> 
     </span>
    </p>
   </div>
   <div class='ocr_carea' id='block_1_26' title="bbox 172 2514 1321 2587">
    <p class='ocr_par' dir='ltr' id='par_1_26' title="bbox 172 2514 1321 2587">
     <span class='ocr_line' id='line_1_26' title="bbox 172 2514 1321 2587; baseline -0.003 -14"><span class='ocrx_word' id='word_1_152' title='bbox 172 2516 350 2584; x_wconf 86' lang='lat' dir='ltr'>Patri,</span> <span class='ocrx_word' id='word_1_153' title='bbox 385 2530 524 2571; x_wconf 90' lang='lat' dir='ltr'>cum</span> <span class='ocrx_word' id='word_1_154' title='bbox 557 2516 781 2579; x_wconf 90' lang='lat' dir='ltr'>Genito,</span> <span class='ocrx_word' id='word_1_155' title='bbox 815 2514 1052 2587; x_wconf 89' lang='lat' dir='ltr'>Spiritui</span> <span class='ocrx_word' id='word_1_156' title='bbox 1083 2515 1321 2587; x_wconf 90' lang='lat' dir='ltr'>pariter.</span> 
     </span>
    </p>
   </div>
   <div class='ocr_carea' id='block_1_27' title="bbox 108 2603 1603 2678">
    <p class='ocr_par' dir='ltr' id='par_1_27' title="bbox 108 2603 1603 2678">
     <span class='ocr_line' id='line_1_27' title="bbox 108 2603 1603 2678; baseline -0.004 -17"><span class='ocrx_word' id='word_1_157' title='bbox 108 2605 214 2671; x_wconf 87' lang='lat' dir='ltr'>Qui</span> <span class='ocrx_word' id='word_1_158' title='bbox 238 2604 500 2678; x_wconf 82' lang='lat' dir='ltr'>propriis</span> <span class='ocrx_word' id='word_1_159' title='bbox 530 2604 690 2659; x_wconf 86' lang='lat' dir='ltr'>cedis</span> <span class='ocrx_word' id='word_1_160' title='bbox 719 2603 1084 2676; x_wconf 87' lang='lat' dir='ltr'>polyformia</span> <span class='ocrx_word' id='word_1_161' title='bbox 1114 2618 1368 2658; x_wconf 89' lang='lat' dir='ltr'>munera</span> <span class='ocrx_word' id='word_1_162' title='bbox 1398 2603 1603 2671; x_wconf 85' lang='lat' dir='ltr'>servis,</span> 
     </span>
    </p>
   </div>
   <div class='ocr_carea' id='block_1_28' title="bbox 176 2691 1523 2764">
    <p class='ocr_par' dir='ltr' id='par_1_28' title="bbox 176 2691 1523 2764">
     <span class='ocr_line' id='line_1_28' title="bbox 176 2691 1523 2764; baseline -0.001 -17"><span class='ocrx_word' id='word_1_163' title='bbox 176 2695 405 2749; x_wconf 89' lang='lat' dir='ltr'>Fenore</span> <span class='ocrx_word' id='word_1_164' title='bbox 434 2692 547 2747; x_wconf 88' lang='lat' dir='ltr'>sub</span> <span class='ocrx_word' id='word_1_165' title='bbox 576 2693 789 2747; x_wconf 54' lang='lat' dir='ltr'>mercis</span> <span class='ocrx_word' id='word_1_166' title='bbox 821 2692 1075 2764; x_wconf 85' lang='lat' dir='ltr'>quisque</span> <span class='ocrx_word' id='word_1_167' title='bbox 1108 2692 1325 2747; x_wconf 87' lang='lat' dir='ltr'>talenta</span> <span class='ocrx_word' id='word_1_168' title='bbox 1356 2691 1523 2745; x_wconf 90' lang='lat' dir='ltr'>ferat.</span> 
     </span>
    </p>
   </div>
   <div class='ocr_carea' id='block_1_29' title="bbox 110 2780 1606 2852">
    <p class='ocr_par' dir='ltr' id='par_1_29' title="bbox 110 2780 1606 2852">
     <span class='ocr_line' id='line_1_29' title="bbox 110 2780 1606 2852; baseline -0.003 -14"><span class='ocrx_word' id='word_1_169' title='bbox 110 2788 216 2839; x_wconf 88' lang='lat' dir='ltr'>Iste</span> <span class='ocrx_word' id='word_1_170' title='bbox 247 2783 609 2839; x_wconf 83' lang='lat' dir='ltr'>talentorum</span> <span class='ocrx_word' id='word_1_171' title='bbox 638 2782 896 2836; x_wconf 87' lang='lat' dir='ltr'>retinens</span> <span class='ocrx_word' id='word_1_172' title='bbox 925 2780 1286 2836; x_wconf 86' lang='lat' dir='ltr'>commercia</span> <span class='ocrx_word' id='word_1_173' title='bbox 1317 2780 1606 2852; x_wconf 88' lang='lat' dir='ltr'>quinque,</span> 
     </span>
    </p>
   </div>
   <div class='ocr_carea' id='block_1_30' title="bbox 176 2869 1495 2943">
    <p class='ocr_par' dir='ltr' id='par_1_30' title="bbox 176 2869 1495 2943">
     <span class='ocr_line' id='line_1_30' title="bbox 176 2869 1495 2943; baseline -0.005 -14"><span class='ocrx_word' id='word_1_174' title='bbox 176 2871 445 2929; x_wconf 83' lang='lat' dir='ltr'>Graviter</span> <span class='ocrx_word' id='word_1_175' title='bbox 475 2876 707 2926; x_wconf 77' lang='lat' dir='ltr'>exercet</span> <span class='ocrx_word' id='word_1_176' title='bbox 735 2887 870 2943; x_wconf 63' lang='lat' dir='ltr'>quae</span> <span class='ocrx_word' id='word_1_177' title='bbox 898 2870 1040 2925; x_wconf 88' lang='lat' dir='ltr'>data</span> <span class='ocrx_word' id='word_1_178' title='bbox 1074 2874 1211 2925; x_wconf 91' lang='lat' dir='ltr'>sunt</span> <span class='ocrx_word' id='word_1_179' title='bbox 1242 2869 1495 2925; x_wconf 88' lang='lat' dir='ltr'>sibimet.</span> 
     </span>
    </p>
   </div>
   <div class='ocr_carea' id='block_1_31' title="bbox 112 2958 1365 3017">
    <p class='ocr_par' dir='ltr' id='par_1_31' title="bbox 112 2958 1365 3017">
     <span class='ocr_line' id='line_1_31' title="bbox 112 2958 1365 3017; baseline -0.003 0"><span class='ocrx_word' id='word_1_180' title='bbox 112 2962 208 3017; x_wconf 84' lang='lat' dir='ltr'>Hic</span> <span class='ocrx_word' id='word_1_181' title='bbox 234 2961 361 3017; x_wconf 93' lang='lat' dir='ltr'>duo</span> <span class='ocrx_word' id='word_1_182' title='bbox 392 2958 657 3015; x_wconf 90' lang='lat' dir='ltr'>lucratus</span> <span class='ocrx_word' id='word_1_183' title='bbox 691 2958 897 3015; x_wconf 89' lang='lat' dir='ltr'>activis</span> <span class='ocrx_word' id='word_1_184' title='bbox 930 2960 1136 3014; x_wconf 87' lang='lat' dir='ltr'>fenora</span> <span class='ocrx_word' id='word_1_185' title='bbox 1166 2958 1365 3014; x_wconf 84' lang='lat' dir='ltr'>causis</span> 
     </span>
    </p>
   </div>
   <div class='ocr_carea' id='block_1_32' title="bbox 177 3048 1592 3121">
    <p class='ocr_par' dir='ltr' id='par_1_32' title="bbox 177 3048 1592 3121">
     <span class='ocr_line' id='line_1_32' title="bbox 177 3048 1592 3121; baseline -0.003 -15"><span class='ocrx_word' id='word_1_186' title='bbox 177 3052 245 3107; x_wconf 91' lang='lat' dir='ltr'>Se</span> <span class='ocrx_word' id='word_1_187' title='bbox 274 3048 588 3121; x_wconf 89' lang='lat' dir='ltr'>geminum</span> <span class='ocrx_word' id='word_1_188' title='bbox 621 3048 841 3120; x_wconf 82' lang='lat' dir='ltr'>gaudet</span> <span class='ocrx_word' id='word_1_189' title='bbox 866 3049 995 3119; x_wconf 91' lang='lat' dir='ltr'>jam</span> <span class='ocrx_word' id='word_1_190' title='bbox 1024 3049 1294 3104; x_wconf 87' lang='lat' dir='ltr'>retulisse</span> <span class='ocrx_word' id='word_1_191' title='bbox 1325 3048 1592 3121; x_wconf 86' lang='lat' dir='ltr'>quidem.</span> 
     </span>
    </p>
   </div>
   <div class='ocr_carea' id='block_1_33' title="bbox 108 3136 1286 3201">
    <p class='ocr_par' dir='ltr' id='par_1_33' title="bbox 108 3136 1286 3201">
     <span class='ocr_line' id='line_1_33' title="bbox 108 3136 1286 3201; baseline -0.003 -7"><span class='ocrx_word' id='word_1_192' title='bbox 108 3139 343 3196; x_wconf 89' lang='lat' dir='ltr'>Debitor</span> <span class='ocrx_word' id='word_1_193' title='bbox 370 3137 548 3193; x_wconf 89' lang='lat' dir='ltr'>unius</span> <span class='ocrx_word' id='word_1_194' title='bbox 575 3137 913 3192; x_wconf 87' lang='lat' dir='ltr'>censebitur</span> <span class='ocrx_word' id='word_1_195' title='bbox 942 3137 1035 3192; x_wconf 91' lang='lat' dir='ltr'>ille</span> <span class='ocrx_word' id='word_1_196' title='bbox 1064 3136 1286 3201; x_wconf 89' lang='lat' dir='ltr'>talenti,</span> 
     </span>
    </p>
   </div>
   <div class='ocr_carea' id='block_1_34' title="bbox 176 3225 1339 3300">
    <p class='ocr_par' dir='ltr' id='par_1_34' title="bbox 176 3225 1339 3300">
     <span class='ocr_line' id='line_1_34' title="bbox 176 3225 1339 3300; baseline -0.004 -16"><span class='ocrx_word' id='word_1_197' title='bbox 176 3228 325 3284; x_wconf 92' lang='lat' dir='ltr'>Illud</span> <span class='ocrx_word' id='word_1_198' title='bbox 354 3226 459 3300; x_wconf 89' lang='lat' dir='ltr'>qui</span> <span class='ocrx_word' id='word_1_199' title='bbox 489 3226 691 3283; x_wconf 85' lang='lat' dir='ltr'>condit</span> <span class='ocrx_word' id='word_1_200' title='bbox 720 3225 780 3282; x_wconf 92' lang='lat' dir='ltr'>in</span> <span class='ocrx_word' id='word_1_201' title='bbox 811 3225 984 3282; x_wconf 90' lang='lat' dir='ltr'>luteis</span> <span class='ocrx_word' id='word_1_202' title='bbox 1015 3227 1339 3299; x_wconf 88' lang='lat' dir='ltr'>specubus.</span> 
     </span>
    </p>
   </div>
   <div class='ocr_carea' id='block_1_35' title="bbox 105 3313 1626 3391">
    <p class='ocr_par' dir='ltr' id='par_1_35' title="bbox 105 3313 1626 3391">
     <span class='ocr_line' id='line_1_35' title="bbox 105 3313 1626 3391; baseline -0.003 -18"><span class='ocrx_word' id='word_1_203' title='bbox 105 3321 173 3374; x_wconf 88' lang='lat' dir='ltr'>Te</span> <span class='ocrx_word' id='word_1_204' title='bbox 202 3332 450 3391; x_wconf 92' lang='lat' dir='ltr'>quoque</span> <span class='ocrx_word' id='word_1_205' title='bbox 481 3321 834 3372; x_wconf 90' lang='lat' dir='ltr'>cunctorum</span> <span class='ocrx_word' id='word_1_206' title='bbox 867 3315 1215 3371; x_wconf 89' lang='lat' dir='ltr'>discrimina</span> <span class='ocrx_word' id='word_1_207' title='bbox 1254 3313 1626 3382; x_wconf 90' lang='lat' dir='ltr'>discutiente,</span> 
     </span>
    </p>
   </div>
   <div class='ocr_carea' id='block_1_36' title="bbox 174 3403 1374 3477">
    <p class='ocr_par' dir='ltr' id='par_1_36' title="bbox 174 3403 1374 3477">
     <span class='ocr_line' id='line_1_36' title="bbox 174 3403 1374 3477; baseline -0.004 -15"><span class='ocrx_word' id='word_1_208' title='bbox 174 3408 272 3463; x_wconf 88' lang='lat' dir='ltr'>Hic</span> <span class='ocrx_word' id='word_1_209' title='bbox 298 3405 516 3463; x_wconf 87' lang='lat' dir='ltr'>referet</span> <span class='ocrx_word' id='word_1_210' title='bbox 539 3405 718 3461; x_wconf 90' lang='lat' dir='ltr'>macti</span> <span class='ocrx_word' id='word_1_211' title='bbox 748 3405 998 3477; x_wconf 79' lang='lat' dir='ltr'>praemia</span> <span class='ocrx_word' id='word_1_212' title='bbox 1021 3405 1151 3475; x_wconf 91' lang='lat' dir='ltr'>jam</span> <span class='ocrx_word' id='word_1_213' title='bbox 1182 3403 1374 3476; x_wconf 87' lang='lat' dir='ltr'>pretii.</span> 
     </span>
    </p>
   </div>
   <div class='ocr_carea' id='block_1_37' title="bbox 108 3493 1647 3566">
    <p class='ocr_par' dir='ltr' id='par_1_37' title="bbox 108 3493 1647 3566">
     <span class='ocr_line' id='line_1_37' title="bbox 108 3493 1647 3566; baseline -0.005 -14"><span class='ocrx_word' id='word_1_214' title='bbox 108 3498 287 3560; x_wconf 89' lang='lat' dir='ltr'>Quem</span> <span class='ocrx_word' id='word_1_215' title='bbox 315 3495 454 3551; x_wconf 83' lang='lat' dir='ltr'>furti</span> <span class='ocrx_word' id='word_1_216' title='bbox 481 3499 538 3551; x_wconf 91' lang='lat' dir='ltr'>et</span> <span class='ocrx_word' id='word_1_217' title='bbox 566 3494 792 3551; x_wconf 85' lang='lat' dir='ltr'>fraudis</span> <span class='ocrx_word' id='word_1_218' title='bbox 823 3494 1063 3549; x_wconf 87' lang='lat' dir='ltr'>defossa</span> <span class='ocrx_word' id='word_1_219' title='bbox 1088 3494 1346 3566; x_wconf 87' lang='lat' dir='ltr'>pecunia</span> <span class='ocrx_word' id='word_1_220' title='bbox 1377 3493 1647 3549; x_wconf 87' lang='lat' dir='ltr'>damnat.</span> 
     </span>
    </p>
   </div>
   <div class='ocr_carea' id='block_1_38' title="bbox 174 3582 1588 3656">
    <p class='ocr_par' dir='ltr' id='par_1_38' title="bbox 174 3582 1588 3656">
     <span class='ocr_line' id='line_1_38' title="bbox 174 3582 1588 3656; baseline -0.002 -17"><span class='ocrx_word' id='word_1_221' title='bbox 174 3586 276 3643; x_wconf 83' lang='lat' dir='ltr'>Hic</span> <span class='ocrx_word' id='word_1_222' title='bbox 299 3584 445 3654; x_wconf 90' lang='lat' dir='ltr'>luet,</span> <span class='ocrx_word' id='word_1_223' title='bbox 471 3585 590 3639; x_wconf 92' lang='lat' dir='ltr'>heu</span> <span class='ocrx_word' id='word_1_224' title='bbox 615 3584 627 3639; x_wconf 86' lang='lat'><strong>!</strong></span> <span class='ocrx_word' id='word_1_225' title='bbox 663 3585 898 3656; x_wconf 89' lang='lat' dir='ltr'>Stygios</span> <span class='ocrx_word' id='word_1_226' title='bbox 924 3588 1122 3639; x_wconf 90' lang='lat' dir='ltr'>trusus</span> <span class='ocrx_word' id='word_1_227' title='bbox 1148 3588 1207 3637; x_wconf 87' lang='lat' dir='ltr'>in</span> <span class='ocrx_word' id='word_1_228' title='bbox 1239 3582 1361 3638; x_wconf 89' lang='lat' dir='ltr'>ima</span> <span class='ocrx_word' id='word_1_229' title='bbox 1390 3598 1588 3651; x_wconf 87' lang='lat' dir='ltr'>rogos.</span> 
     </span>
    </p>
   </div>
   <div class='ocr_carea' id='block_1_39' title="bbox 112 3672 1587 3750">
    <p class='ocr_par' dir='ltr' id='par_1_39' title="bbox 112 3672 1587 3750">
     <span class='ocr_line' id='line_1_39' title="bbox 112 3672 1587 3750; baseline -0.005 -17"><span class='ocrx_word' id='word_1_230' title='bbox 112 3676 433 3750; x_wconf 86' lang='lat' dir='ltr'>Deplorans</span> <span class='ocrx_word' id='word_1_231' title='bbox 463 3675 687 3731; x_wconf 88' lang='lat' dir='ltr'>meritis</span> <span class='ocrx_word' id='word_1_232' title='bbox 718 3674 989 3745; x_wconf 90' lang='lat' dir='ltr'>neglecta</span> <span class='ocrx_word' id='word_1_233' title='bbox 1018 3673 1342 3746; x_wconf 88' lang='lat' dir='ltr'>perismata</span> <span class='ocrx_word' id='word_1_234' title='bbox 1370 3672 1587 3746; x_wconf 73' lang='lat' dir='ltr'>poenis,</span> 
     </span>
    </p>
   </div>
   <div class='ocr_carea' id='block_1_40' title="bbox 175 3762 1343 3835">
    <p class='ocr_par' dir='ltr' id='par_1_40' title="bbox 175 3762 1343 3835">
     <span class='ocr_line' id='line_1_40' title="bbox 175 3762 1343 3835; baseline -0.003 -14"><span class='ocrx_word' id='word_1_235' title='bbox 175 3767 335 3822; x_wconf 60' lang='lat' dir='ltr'>Aulae</span> <span class='ocrx_word' id='word_1_236' title='bbox 367 3765 645 3821; x_wconf 89' lang='lat' dir='ltr'>detrusus</span> <span class='ocrx_word' id='word_1_237' title='bbox 672 3781 708 3820; x_wconf 88' lang='lat' dir='ltr'>a</span> <span class='ocrx_word' id='word_1_238' title='bbox 737 3762 1041 3819; x_wconf 74' lang='lat' dir='ltr'>mcenibus</span> <span class='ocrx_word' id='word_1_239' title='bbox 1072 3762 1343 3835; x_wconf 71' lang='lat' dir='ltr'>placidae.</span> 
     </span>
    </p>
   </div>
   <div class='ocr_carea' id='block_1_41' title="bbox 110 3848 1683 3922">
    <p class='ocr_par' dir='ltr' id='par_1_41' title="bbox 110 3848 1683 3922">
     <span class='ocr_line' id='line_1_41' title="bbox 110 3848 1683 3922; baseline -0.003 -14"><span class='ocrx_word' id='word_1_240' title='bbox 110 3854 223 3912; x_wconf 87' lang='lat' dir='ltr'>Hoc</span> <span class='ocrx_word' id='word_1_241' title='bbox 254 3859 529 3911; x_wconf 89' lang='lat' dir='ltr'>metuens</span> <span class='ocrx_word' id='word_1_242' title='bbox 550 3870 624 3909; x_wconf 90' lang='lat' dir='ltr'>ne</span> <span class='ocrx_word' id='word_1_243' title='bbox 652 3869 748 3908; x_wconf 91' lang='lat' dir='ltr'>me</span> <span class='ocrx_word' id='word_1_244' title='bbox 779 3852 1138 3908; x_wconf 86' lang='lat' dir='ltr'>condemnet</span> <span class='ocrx_word' id='word_1_245' title='bbox 1161 3866 1343 3922; x_wconf 80' lang='lat' dir='ltr'>poena</span> <span class='ocrx_word' id='word_1_246' title='bbox 1374 3848 1683 3918; x_wconf 66' lang='lat' dir='ltr'>gehennm,</span> 
     </span>
    </p>
   </div>
   <div class='ocr_carea' id='block_1_42' title="bbox 174 3937 1499 4013">
    <p class='ocr_par' dir='ltr' id='par_1_42' title="bbox 174 3937 1499 4013">
     <span class='ocr_line' id='line_1_42' title="bbox 174 3937 1499 4013; baseline -0.005 -14"><span class='ocrx_word' id='word_1_247' title='bbox 174 3943 399 3999; x_wconf 84' lang='lat' dir='ltr'>Anxius</span> <span class='ocrx_word' id='word_1_248' title='bbox 428 3941 735 3997; x_wconf 66' lang='lat' dir='ltr'>haerebam</span> <span class='ocrx_word' id='word_1_249' title='bbox 757 3941 903 4013; x_wconf 88' lang='lat' dir='ltr'>quid</span> <span class='ocrx_word' id='word_1_250' title='bbox 932 3942 1189 3995; x_wconf 87' lang='lat' dir='ltr'>facerem</span> <span class='ocrx_word' id='word_1_251' title='bbox 1217 3937 1499 4004; x_wconf 87' lang='lat' dir='ltr'>titubans,</span> 
     </span>
    </p>
   </div>
   <div class='ocr_carea' id='block_1_43' title="bbox 112 4024 1612 4104">
    <p class='ocr_par' dir='ltr' id='par_1_43' title="bbox 112 4024 1612 4104">
     <span class='ocr_line' id='line_1_43' title="bbox 112 4024 1612 4104; baseline -0.006 -15"><span class='ocrx_word' id='word_1_252' title='bbox 112 4035 278 4104; x_wconf 80' lang='lat' dir='ltr'>Urget</span> <span class='ocrx_word' id='word_1_253' title='bbox 308 4031 627 4089; x_wconf 89' lang='lat' dir='ltr'>consubito</span> <span class='ocrx_word' id='word_1_254' title='bbox 653 4031 879 4086; x_wconf 66' lang='lat' dir='ltr'>muenia</span> <span class='ocrx_word' id='word_1_255' title='bbox 897 4031 915 4051; x_wconf 76' lang='lat'><strong>‘</strong></span> <span class='ocrx_word' id='word_1_256' title='bbox 940 4028 1408 4085; x_wconf 89' lang='lat' dir='ltr'>Northmannica</span> <span class='ocrx_word' id='word_1_257' title='bbox 1440 4024 1612 4082; x_wconf 90' lang='lat' dir='ltr'>tellus</span> 
     </span>
    </p>
   </div>
   <div class='ocr_carea' id='block_1_44' title="bbox 177 4117 1383 4188">
    <p class='ocr_par' dir='ltr' id='par_1_44' title="bbox 177 4117 1383 4188">
     <span class='ocr_line' id='line_1_44' title="bbox 177 4117 1383 4188; baseline -0.006 -10"><span class='ocrx_word' id='word_1_258' title='bbox 177 4121 429 4188; x_wconf 86' lang='lat' dir='ltr'>Scribre,</span> <span class='ocrx_word' id='word_1_259' title='bbox 462 4121 705 4187; x_wconf 86' lang='lat' dir='ltr'>Christe,</span> <span class='ocrx_word' id='word_1_260' title='bbox 740 4120 825 4175; x_wconf 89' lang='lat' dir='ltr'>tui</span> <span class='ocrx_word' id='word_1_261' title='bbox 849 4118 1049 4175; x_wconf 89' lang='lat' dir='ltr'>militis</span> <span class='ocrx_word' id='word_1_262' title='bbox 1081 4117 1383 4188; x_wconf 90' lang='lat' dir='ltr'>agoniam.</span> 
     </span>
    </p>
   </div>
   <div class='ocr_carea' id='block_1_45' title="bbox 109 4206 1577 4279">
    <p class='ocr_par' dir='ltr' id='par_1_45' title="bbox 109 4206 1577 4279">
     <span class='ocr_line' id='line_1_45' title="bbox 109 4206 1577 4279; baseline -0.003 -15"><span class='ocrx_word' id='word_1_263' title='bbox 109 4209 339 4266; x_wconf 87' lang='lat' dir='ltr'>Talibus</span> <span class='ocrx_word' id='word_1_264' title='bbox 370 4206 697 4264; x_wconf 60' lang='lat' dir='ltr'>hierentem</span> <span class='ocrx_word' id='word_1_265' title='bbox 728 4206 1029 4263; x_wconf 88' lang='lat' dir='ltr'>terrebant</span> <span class='ocrx_word' id='word_1_266' title='bbox 1059 4206 1321 4279; x_wconf 90' lang='lat' dir='ltr'>plurima</span> <span class='ocrx_word' id='word_1_267' title='bbox 1350 4209 1577 4275; x_wconf 85' lang='lat' dir='ltr'>contra,</span> 
     </span>
    </p>
   </div>
   <div class='ocr_carea' id='block_1_46' title="bbox 175 4294 1331 4369">
    <p class='ocr_par' dir='ltr' id='par_1_46' title="bbox 175 4294 1331 4369">
     <span class='ocr_line' id='line_1_46' title="bbox 175 4294 1331 4369; baseline -0.007 -13"><span class='ocrx_word' id='word_1_268' title='bbox 175 4299 425 4356; x_wconf 68' lang='lat' dir='ltr'>Materiae</span> <span class='ocrx_word' id='word_1_269' title='bbox 458 4297 740 4369; x_wconf 83' lang='lat' dir='ltr'>gravitas,</span> <span class='ocrx_word' id='word_1_270' title='bbox 773 4302 830 4352; x_wconf 91' lang='lat' dir='ltr'>et</span> <span class='ocrx_word' id='word_1_271' title='bbox 858 4297 1084 4369; x_wconf 91' lang='lat' dir='ltr'>species</span> <span class='ocrx_word' id='word_1_272' title='bbox 1115 4294 1331 4368; x_wconf 83' lang='lat' dir='ltr'>operis.</span> 
     </span>
    </p>
   </div>
   <div class='ocr_carea' id='block_1_47' title="bbox 112 4383 1564 4457">
    <p class='ocr_par' dir='ltr' id='par_1_47' title="bbox 112 4383 1564 4457">
     <span class='ocr_line' id='line_1_47' title="bbox 112 4383 1564 4457; baseline -0.003 -13"><span class='ocrx_word' id='word_1_273' title='bbox 112 4390 215 4444; x_wconf 88' lang='lat' dir='ltr'>Cor</span> <span class='ocrx_word' id='word_1_274' title='bbox 245 4388 551 4456; x_wconf 91' lang='lat' dir='ltr'>stolidum,</span> <span class='ocrx_word' id='word_1_275' title='bbox 587 4387 757 4442; x_wconf 66' lang='lat' dir='ltr'>siccae</span> <span class='ocrx_word' id='word_1_276' title='bbox 784 4386 1039 4441; x_wconf 91' lang='lat' dir='ltr'>nimium</span> <span class='ocrx_word' id='word_1_277' title='bbox 1064 4386 1296 4457; x_wconf 87' lang='lat' dir='ltr'>jejunia</span> <span class='ocrx_word' id='word_1_278' title='bbox 1326 4383 1564 4454; x_wconf 62' lang='lat' dir='ltr'>linguas.</span> 
     </span>
    </p>
   </div>
   <div class='ocr_carea' id='block_1_48' title="bbox 176 4474 1224 4549">
    <p class='ocr_par' dir='ltr' id='par_1_48' title="bbox 176 4474 1224 4549">
     <span class='ocr_line' id='line_1_48' title="bbox 176 4474 1224 4549; baseline -0.002 -18"><span class='ocrx_word' id='word_1_279' title='bbox 176 4478 310 4532; x_wconf 87' lang='lat' dir='ltr'>Vilis</span> <span class='ocrx_word' id='word_1_280' title='bbox 338 4492 601 4549; x_wconf 89' lang='lat' dir='ltr'>persona</span> <span class='ocrx_word' id='word_1_281' title='bbox 628 4475 769 4531; x_wconf 89' lang='lat' dir='ltr'>artis</span> <span class='ocrx_word' id='word_1_282' title='bbox 801 4481 857 4531; x_wconf 90' lang='lat' dir='ltr'>et</span> <span class='ocrx_word' id='word_1_283' title='bbox 885 4476 1015 4547; x_wconf 89' lang='lat' dir='ltr'>opis</span> <span class='ocrx_word' id='word_1_284' title='bbox 1043 4474 1224 4529; x_wconf 89' lang='lat' dir='ltr'>iners.</span> 
     </span>
    </p>
   </div>
   <div class='ocr_carea' id='block_1_49' title="bbox 112 4560 1651 4639">
    <p class='ocr_par' dir='ltr' id='par_1_49' title="bbox 112 4560 1651 4639">
     <span class='ocr_line' id='line_1_49' title="bbox 112 4560 1651 4639; baseline -0.004 -17"><span class='ocrx_word' id='word_1_285' title='bbox 112 4566 398 4639; x_wconf 86' lang='lat' dir='ltr'>Quodque</span> <span class='ocrx_word' id='word_1_286' title='bbox 432 4566 529 4621; x_wconf 89' lang='lat' dir='ltr'>Dei</span> <span class='ocrx_word' id='word_1_287' title='bbox 559 4566 690 4621; x_wconf 89' lang='lat' dir='ltr'>laus</span> <span class='ocrx_word' id='word_1_288' title='bbox 717 4570 805 4620; x_wconf 93' lang='lat' dir='ltr'>est</span> <span class='ocrx_word' id='word_1_289' title='bbox 832 4564 1006 4620; x_wconf 86' lang='lat' dir='ltr'>labiis</span> <span class='ocrx_word' id='word_1_290' title='bbox 1034 4564 1341 4636; x_wconf 89' lang='lat' dir='ltr'>incompta</span> <span class='ocrx_word' id='word_1_291' title='bbox 1372 4560 1651 4630; x_wconf 87' lang='lat' dir='ltr'>scelestis,</span> 
     </span>
    </p>
   </div>
   <div class='ocr_carea' id='block_1_50' title="bbox 176 4654 1544 4728">
    <p class='ocr_par' dir='ltr' id='par_1_50' title="bbox 176 4654 1544 4728">
     <span class='ocr_line' id='line_1_50' title="bbox 176 4654 1544 4728; baseline -0.003 -17"><span class='ocrx_word' id='word_1_292' title='bbox 176 4658 242 4711; x_wconf 88' lang='lat' dir='ltr'>Et</span> <span class='ocrx_word' id='word_1_293' title='bbox 263 4656 431 4728; x_wconf 89' lang='lat' dir='ltr'>quod</span> <span class='ocrx_word' id='word_1_294' title='bbox 457 4671 582 4711; x_wconf 90' lang='lat' dir='ltr'>non</span> <span class='ocrx_word' id='word_1_295' title='bbox 610 4670 858 4728; x_wconf 88' lang='lat' dir='ltr'>possem</span> <span class='ocrx_word' id='word_1_296' title='bbox 879 4654 1052 4710; x_wconf 90' lang='lat' dir='ltr'>edere</span> <span class='ocrx_word' id='word_1_297' title='bbox 1078 4669 1214 4725; x_wconf 66' lang='lat' dir='ltr'>quae</span> <span class='ocrx_word' id='word_1_298' title='bbox 1241 4666 1544 4724; x_wconf 89' lang='lat' dir='ltr'>cuperem.</span> 
     </span>
    </p>
   </div>
   <div class='ocr_carea' id='block_1_51' title="bbox 1801 382 3306 456">
    <p class='ocr_par' dir='ltr' id='par_1_51' title="bbox 1801 382 3306 456">
     <span class='ocr_line' id='line_1_51' title="bbox 1801 382 3306 456; baseline -0.001 -18"><span class='ocrx_word' id='word_1_299' title='bbox 1801 388 1847 438; x_wconf 82' lang='grc' dir='ltr'><strong>Α</strong></span> <span class='ocrx_word' id='word_1_300' title='bbox 1879 386 1942 439; x_wconf 89' lang='lat' dir='ltr'>Et</span> <span class='ocrx_word' id='word_1_301' title='bbox 1971 386 2137 456; x_wconf 89' lang='lat' dir='ltr'>quod</span> <span class='ocrx_word' id='word_1_302' title='bbox 2168 386 2537 441; x_wconf 87' lang='lat' dir='ltr'>carminibus</span> <span class='ocrx_word' id='word_1_303' title='bbox 2566 386 2661 441; x_wconf 86' lang='lat' dir='ltr'>hic</span> <span class='ocrx_word' id='word_1_304' title='bbox 2688 383 3033 439; x_wconf 88' lang='lat' dir='ltr'>inlaudatus</span> <span class='ocrx_word' id='word_1_305' title='bbox 3065 382 3306 449; x_wconf 88' lang='lat' dir='ltr'>arbiret,</span> 
     </span>
    </p>
   </div>
   <div class='ocr_carea' id='block_1_52' title="bbox 1954 472 3377 539">
    <p class='ocr_par' dir='ltr' id='par_1_52' title="bbox 1954 472 3377 539">
     <span class='ocr_line' id='line_1_52' title="bbox 1954 472 3377 539; baseline -0.001 -10"><span class='ocrx_word' id='word_1_306' title='bbox 1954 474 2065 539; x_wconf 88' lang='lat' dir='ltr'>Qui</span> <span class='ocrx_word' id='word_1_307' title='bbox 2092 477 2361 531; x_wconf 89' lang='lat' dir='ltr'>mihimet</span> <span class='ocrx_word' id='word_1_308' title='bbox 2394 475 2608 531; x_wconf 86' lang='lat' dir='ltr'>stolido</span> <span class='ocrx_word' id='word_1_309' title='bbox 2639 473 2887 530; x_wconf 90' lang='lat' dir='ltr'>contulit</span> <span class='ocrx_word' id='word_1_310' title='bbox 2917 489 3096 528; x_wconf 90' lang='lat' dir='ltr'>omne</span> <span class='ocrx_word' id='word_1_311' title='bbox 3126 472 3377 528; x_wconf 90' lang='lat' dir='ltr'>bonum.</span> 
     </span>
    </p>
   </div>
   <div class='ocr_carea' id='block_1_53' title="bbox 1884 562 3361 635">
    <p class='ocr_par' dir='ltr' id='par_1_53' title="bbox 1884 562 3361 635">
     <span class='ocr_line' id='line_1_53' title="bbox 1884 562 3361 635; baseline -0.001 -16"><span class='ocrx_word' id='word_1_312' title='bbox 1884 564 1995 619; x_wconf 89' lang='lat' dir='ltr'>Sed</span> <span class='ocrx_word' id='word_1_313' title='bbox 2025 570 2145 635; x_wconf 87' lang='lat' dir='ltr'>tua,</span> <span class='ocrx_word' id='word_1_314' title='bbox 2181 566 2423 633; x_wconf 84' lang='lat' dir='ltr'>Christe,</span> <span class='ocrx_word' id='word_1_315' title='bbox 2458 566 2604 621; x_wconf 90' lang='lat' dir='ltr'>mihi</span> <span class='ocrx_word' id='word_1_316' title='bbox 2632 564 2797 619; x_wconf 88' lang='lat' dir='ltr'>venit</span> <span class='ocrx_word' id='word_1_317' title='bbox 2824 562 3047 619; x_wconf 87' lang='lat' dir='ltr'>ﬁducia</span> <span class='ocrx_word' id='word_1_318' title='bbox 3076 579 3361 635; x_wconf 66' lang='lat' dir='ltr'>praesens.</span> 
     </span>
    </p>
   </div>
   <div class='ocr_carea' id='block_1_54' title="bbox 1952 656 3201 727">
    <p class='ocr_par' dir='ltr' id='par_1_54' title="bbox 1952 656 3201 727">
     <span class='ocr_line' id='line_1_54' title="bbox 1952 656 3201 727; baseline -0.002 -18"><span class='ocrx_word' id='word_1_319' title='bbox 1952 658 2079 719; x_wconf 87' lang='lat' dir='ltr'>Quo</span> <span class='ocrx_word' id='word_1_320' title='bbox 2109 672 2315 727; x_wconf 82' lang='lat' dir='ltr'>posses</span> <span class='ocrx_word' id='word_1_321' title='bbox 2349 656 2547 711; x_wconf 88' lang='lat' dir='ltr'>faciles</span> <span class='ocrx_word' id='word_1_322' title='bbox 2578 672 2643 710; x_wconf 91' lang='lat' dir='ltr'>os</span> <span class='ocrx_word' id='word_1_323' title='bbox 2678 658 2951 723; x_wconf 86' lang='lat' dir='ltr'>vegetare</span> <span class='ocrx_word' id='word_1_324' title='bbox 2977 669 3201 708; x_wconf 91' lang='lat' dir='ltr'>meum.</span> 
     </span>
    </p>
   </div>
   <div class='ocr_carea' id='block_1_55' title="bbox 1882 739 3540 817">
    <p class='ocr_par' dir='ltr' id='par_1_55' title="bbox 1882 739 3540 817">
     <span class='ocr_line' id='line_1_55' title="bbox 1882 739 3540 817; baseline -0.002 -20"><span class='ocrx_word' id='word_1_325' title='bbox 1882 746 2068 815; x_wconf 83' lang='lat' dir='ltr'>Inque</span> <span class='ocrx_word' id='word_1_326' title='bbox 2117 761 2270 817; x_wconf 90' lang='lat' dir='ltr'>opus</span> <span class='ocrx_word' id='word_1_327' title='bbox 2300 746 2414 800; x_wconf 88' lang='lat' dir='ltr'>hoc</span> <span class='ocrx_word' id='word_1_328' title='bbox 2458 744 2737 799; x_wconf 90' lang='lat' dir='ltr'>stolidum</span> <span class='ocrx_word' id='word_1_329' title='bbox 2768 746 2990 797; x_wconf 88' lang='lat' dir='ltr'>memet</span> <span class='ocrx_word' id='word_1_330' title='bbox 3018 741 3311 796; x_wconf 87' lang='lat' dir='ltr'>connixus</span> <span class='ocrx_word' id='word_1_331' title='bbox 3345 739 3540 809; x_wconf 87' lang='lat' dir='ltr'>adegi,</span> 
     </span>
    </p>
   </div>
   <div class='ocr_carea' id='block_1_56' title="bbox 1952 830 3007 899">
    <p class='ocr_par' dir='ltr' id='par_1_56' title="bbox 1952 830 3007 899">
     <span class='ocr_line' id='line_1_56' title="bbox 1952 830 3007 899; baseline -0.002 -12"><span class='ocrx_word' id='word_1_332' title='bbox 1952 836 2025 887; x_wconf 94' lang='lat' dir='ltr'>Te</span> <span class='ocrx_word' id='word_1_333' title='bbox 2057 834 2355 895; x_wconf 85' lang='lat' dir='ltr'>collatore.</span> <span class='ocrx_word' id='word_1_334' title='bbox 2394 839 2446 889; x_wconf 92' lang='lat' dir='ltr'>te</span> <span class='ocrx_word' id='word_1_335' title='bbox 2476 834 2650 899; x_wconf 90' lang='lat' dir='ltr'>duce,</span> <span class='ocrx_word' id='word_1_336' title='bbox 2687 836 2736 887; x_wconf 91' lang='lat' dir='ltr'>te</span> <span class='ocrx_word' id='word_1_337' title='bbox 2765 830 3007 897; x_wconf 86' lang='lat' dir='ltr'>artiﬁce,</span> 
     </span>
    </p>
   </div>
   <div class='ocr_carea' id='block_1_57' title="bbox 1883 916 3543 991">
    <p class='ocr_par' dir='ltr' id='par_1_57' title="bbox 1883 916 3543 991">
     <span class='ocr_line' id='line_1_57' title="bbox 1883 916 3543 991; baseline -0.004 -14"><span class='ocrx_word' id='word_1_338' title='bbox 1883 921 2090 987; x_wconf 87' lang='lat' dir='ltr'>Corde,</span> <span class='ocrx_word' id='word_1_339' title='bbox 2116 939 2261 977; x_wconf 88' lang='lat' dir='ltr'>voce</span> <span class='ocrx_word' id='word_1_340' title='bbox 2294 923 2468 989; x_wconf 82' lang='lat' dir='ltr'>igitur</span> <span class='ocrx_word' id='word_1_341' title='bbox 2500 927 2573 989; x_wconf 92' lang='lat' dir='ltr'>te,</span> <span class='ocrx_word' id='word_1_342' title='bbox 2606 924 2746 987; x_wconf 84' lang='lat' dir='ltr'>Rex,</span> <span class='ocrx_word' id='word_1_343' title='bbox 2770 935 2930 975; x_wconf 90' lang='lat' dir='ltr'>nunc</span> <span class='ocrx_word' id='word_1_344' title='bbox 2963 917 3237 991; x_wconf 88' lang='lat' dir='ltr'>supplico</span> <span class='ocrx_word' id='word_1_345' title='bbox 3267 916 3543 990; x_wconf 84' lang='lat' dir='ltr'>supplex,</span> 
     </span>
    </p>
   </div>
   <div class='ocr_carea' id='block_1_58' title="bbox 1938 1005 3257 1080">
    <p class='ocr_par' dir='ltr' id='par_1_58' title="bbox 1938 1005 3257 1080">
     <span class='ocr_line' id='line_1_58' title="bbox 1938 1005 3257 1080; baseline -0.001 -19"><span class='ocrx_word' id='word_1_346' title='bbox 1938 1009 2184 1065; x_wconf 79' lang='lat' dir='ltr'>Viribus</span> <span class='ocrx_word' id='word_1_347' title='bbox 2211 1011 2484 1078; x_wconf 80' lang='lat' dir='ltr'>annexis,</span> <span class='ocrx_word' id='word_1_348' title='bbox 2529 1009 2796 1080; x_wconf 88' lang='lat' dir='ltr'>supplice</span> <span class='ocrx_word' id='word_1_349' title='bbox 2826 1012 3024 1062; x_wconf 90' lang='lat' dir='ltr'>mente</span> <span class='ocrx_word' id='word_1_350' title='bbox 3058 1005 3257 1061; x_wconf 91' lang='lat' dir='ltr'>simul.</span> 
     </span>
    </p>
   </div>
   <div class='ocr_carea' id='block_1_59' title="bbox 1885 1094 3400 1169">
    <p class='ocr_par' dir='ltr' id='par_1_59' title="bbox 1885 1094 3400 1169">
     <span class='ocr_line' id='line_1_59' title="bbox 1885 1094 3400 1169; baseline -0.002 -18"><span class='ocrx_word' id='word_1_351' title='bbox 1885 1099 1952 1152; x_wconf 83' lang='lat' dir='ltr'>Ut</span> <span class='ocrx_word' id='word_1_352' title='bbox 1977 1097 2119 1153; x_wconf 85' lang='lat' dir='ltr'>dare</span> <span class='ocrx_word' id='word_1_353' title='bbox 2151 1098 2317 1169; x_wconf 90' lang='lat' dir='ltr'>quod</span> <span class='ocrx_word' id='word_1_354' title='bbox 2350 1098 2574 1169; x_wconf 90' lang='lat' dir='ltr'>placuit</span> <span class='ocrx_word' id='word_1_355' title='bbox 2597 1097 2831 1168; x_wconf 89' lang='lat' dir='ltr'>placeat</span> <span class='ocrx_word' id='word_1_356' title='bbox 2861 1100 3100 1168; x_wconf 87' lang='lat' dir='ltr'>captare</span> <span class='ocrx_word' id='word_1_357' title='bbox 3130 1094 3400 1163; x_wconf 89' lang='lat' dir='ltr'>libenter,</span> 
     </span>
    </p>
   </div>
   <div class='ocr_carea' id='block_1_60' title="bbox 1956 1184 3013 1241">
    <p class='ocr_par' dir='ltr' id='par_1_60' title="bbox 1956 1184 3013 1241">
     <span class='ocr_line' id='line_1_60' title="bbox 1956 1184 3013 1241; baseline -0.002 -1"><span class='ocrx_word' id='word_1_358' title='bbox 1956 1186 2208 1241; x_wconf 88' lang='lat' dir='ltr'>lllabens</span> <span class='ocrx_word' id='word_1_359' title='bbox 2242 1188 2390 1241; x_wconf 85' lang='lat' dir='ltr'>votis</span> <span class='ocrx_word' id='word_1_360' title='bbox 2413 1185 2762 1240; x_wconf 85' lang='lat' dir='ltr'>criminibus</span> <span class='ocrx_word' id='word_1_361' title='bbox 2793 1184 3013 1239; x_wconf 88' lang='lat' dir='ltr'>reﬂuis.</span> 
     </span>
    </p>
   </div>
   <div class='ocr_carea' id='block_1_61' title="bbox 1882 1272 3474 1343">
    <p class='ocr_par' dir='ltr' id='par_1_61' title="bbox 1882 1272 3474 1343">
     <span class='ocr_line' id='line_1_61' title="bbox 1882 1272 3474 1343; baseline -0.003 -13"><span class='ocrx_word' id='word_1_362' title='bbox 1882 1274 2225 1330; x_wconf 77' lang='lat' dir='ltr'>Multimoda</span> <span class='ocrx_word' id='word_1_363' title='bbox 2275 1275 2567 1331; x_wconf 88' lang='lat' dir='ltr'>scelerum</span> <span class='ocrx_word' id='word_1_364' title='bbox 2598 1272 2917 1328; x_wconf 90' lang='lat' dir='ltr'>vaniorum</span> <span class='ocrx_word' id='word_1_365' title='bbox 2948 1272 3106 1327; x_wconf 92' lang='lat' dir='ltr'>mole</span> <span class='ocrx_word' id='word_1_366' title='bbox 3133 1286 3474 1343; x_wconf 90' lang='lat' dir='ltr'>repressum</span> 
     </span>
    </p>
   </div>
   <div class='ocr_carea' id='block_1_62' title="bbox 1951 1360 3186 1427">
    <p class='ocr_par' dir='ltr' id='par_1_62' title="bbox 1951 1360 3186 1427">
     <span class='ocr_line' id='line_1_62' title="bbox 1951 1360 3186 1427; baseline -0.002 -11"><span class='ocrx_word' id='word_1_367' title='bbox 1951 1363 2241 1418; x_wconf 73' lang='lat' dir='ltr'>Affectum</span> <span class='ocrx_word' id='word_1_368' title='bbox 2268 1362 2423 1417; x_wconf 68' lang='lat' dir='ltr'>naavi</span> <span class='ocrx_word' id='word_1_369' title='bbox 2461 1361 2740 1415; x_wconf 86' lang='lat' dir='ltr'>sordibus</span> <span class='ocrx_word' id='word_1_370' title='bbox 2768 1360 3001 1415; x_wconf 89' lang='lat' dir='ltr'>astolidi</span> <span class='ocrx_word' id='word_1_371' title='bbox 3036 1362 3186 1427; x_wconf 72' lang='lat' dir='ltr'>(sic),</span> 
     </span>
    </p>
   </div>
   <div class='ocr_carea' id='block_1_63' title="bbox 1883 1448 3399 1520">
    <p class='ocr_par' dir='ltr' id='par_1_63' title="bbox 1883 1448 3399 1520">
     <span class='ocr_line' id='line_1_63' title="bbox 1883 1448 3399 1520; baseline -0.003 -15"><span class='ocrx_word' id='word_1_372' title='bbox 1883 1451 2133 1507; x_wconf 90' lang='lat' dir='ltr'>lnvitam</span> <span class='ocrx_word' id='word_1_373' title='bbox 2164 1452 2444 1506; x_wconf 76' lang='lat' dir='ltr'>miseram</span> <span class='ocrx_word' id='word_1_374' title='bbox 2478 1466 2574 1505; x_wconf 93' lang='lat' dir='ltr'>me</span> <span class='ocrx_word' id='word_1_375' title='bbox 2601 1449 2788 1520; x_wconf 90' lang='lat' dir='ltr'>quina</span> <span class='ocrx_word' id='word_1_376' title='bbox 2818 1448 3109 1503; x_wconf 89' lang='lat' dir='ltr'>decennia</span> <span class='ocrx_word' id='word_1_377' title='bbox 3138 1451 3399 1512; x_wconf 88' lang='lat' dir='ltr'>versant,</span> 
     </span>
    </p>
   </div>
   <div class='ocr_carea' id='block_1_64' title="bbox 1954 1535 3089 1611">
    <p class='ocr_par' dir='ltr' id='par_1_64' title="bbox 1954 1535 3089 1611">
     <span class='ocr_line' id='line_1_64' title="bbox 1954 1535 3089 1611; baseline -0.004 -17"><span class='ocrx_word' id='word_1_378' title='bbox 1954 1543 2020 1597; x_wconf 87' lang='lat' dir='ltr'>Et</span> <span class='ocrx_word' id='word_1_379' title='bbox 2044 1541 2301 1599; x_wconf 83' lang='lat' dir='ltr'>formido</span> <span class='ocrx_word' id='word_1_380' title='bbox 2327 1540 2543 1611; x_wconf 87' lang='lat' dir='ltr'>premit</span> <span class='ocrx_word' id='word_1_381' title='bbox 2572 1537 2851 1610; x_wconf 86' lang='lat' dir='ltr'>supplicii</span> <span class='ocrx_word' id='word_1_382' title='bbox 2885 1535 3089 1609; x_wconf 86' lang='lat' dir='ltr'>Stygii.</span> 
     </span>
    </p>
   </div>
   <div class='ocr_carea' id='block_1_65' title="bbox 1880 1623 3541 1701">
    <p class='ocr_par' dir='ltr' id='par_1_65' title="bbox 1880 1623 3541 1701">
     <span class='ocr_line' id='line_1_65' title="bbox 1880 1623 3541 1701; baseline -0.002 -16"><span class='ocrx_word' id='word_1_383' title='bbox 1880 1634 1962 1686; x_wconf 83' lang='lat' dir='ltr'>Me</span> <span class='ocrx_word' id='word_1_384' title='bbox 1992 1630 2284 1701; x_wconf 89' lang='lat' dir='ltr'>quoniam</span> <span class='ocrx_word' id='word_1_385' title='bbox 2314 1628 2560 1683; x_wconf 90' lang='lat' dir='ltr'>memini</span> <span class='ocrx_word' id='word_1_386' title='bbox 2593 1627 2844 1695; x_wconf 81' lang='lat' dir='ltr'>gessisse</span> <span class='ocrx_word' id='word_1_387' title='bbox 2875 1626 3042 1681; x_wconf 86' lang='lat' dir='ltr'>haud</span> <span class='ocrx_word' id='word_1_388' title='bbox 3067 1624 3215 1697; x_wconf 89' lang='lat' dir='ltr'>quid</span> <span class='ocrx_word' id='word_1_389' title='bbox 3240 1623 3541 1681; x_wconf 88' lang='lat' dir='ltr'>bonitatis.</span> 
     </span>
    </p>
   </div>
   <div class='ocr_carea' id='block_1_66' title="bbox 1812 1714 3041 1791">
    <p class='ocr_par' dir='ltr' id='par_1_66' title="bbox 1812 1714 3041 1791">
     <span class='ocr_line' id='line_1_66' title="bbox 1812 1714 3041 1791; baseline -0.003 -17"><span class='ocrx_word' id='word_1_390' title='bbox 1812 1732 1851 1789; x_wconf 81' lang='grc' dir='ltr'><strong>Β</strong></span> <span class='ocrx_word' id='word_1_391' title='bbox 1952 1722 2017 1774; x_wconf 90' lang='lat' dir='ltr'>Et</span> <span class='ocrx_word' id='word_1_392' title='bbox 2051 1718 2194 1773; x_wconf 87' lang='lat' dir='ltr'>tanti</span> <span class='ocrx_word' id='word_1_393' title='bbox 2226 1718 2418 1791; x_wconf 90' lang='lat' dir='ltr'>spatio</span> <span class='ocrx_word' id='word_1_394' title='bbox 2450 1715 2737 1788; x_wconf 89' lang='lat' dir='ltr'>temporis</span> <span class='ocrx_word' id='word_1_395' title='bbox 2770 1714 2909 1770; x_wconf 89' lang='lat' dir='ltr'>utile</span> <span class='ocrx_word' id='word_1_396' title='bbox 2939 1714 3041 1771; x_wconf 90' lang='lat' dir='ltr'>nil.</span> 
     </span>
    </p>
   </div>
   <div class='ocr_carea' id='block_1_67' title="bbox 1880 1800 3542 1872">
    <p class='ocr_par' dir='ltr' id='par_1_67' title="bbox 1880 1800 3542 1872">
     <span class='ocr_line' id='line_1_67' title="bbox 1880 1800 3542 1872; baseline -0.004 -10"><span class='ocrx_word' id='word_1_397' title='bbox 1880 1810 2013 1862; x_wconf 71' lang='lat' dir='ltr'>Haac</span> <span class='ocrx_word' id='word_1_398' title='bbox 2026 1822 2122 1862; x_wconf 91' lang='lat' dir='ltr'>me</span> <span class='ocrx_word' id='word_1_399' title='bbox 2140 1821 2263 1861; x_wconf 93' lang='lat' dir='ltr'>non</span> <span class='ocrx_word' id='word_1_400' title='bbox 2279 1804 2606 1869; x_wconf 88' lang='lat' dir='ltr'>stimulant,</span> <span class='ocrx_word' id='word_1_401' title='bbox 2626 1807 2683 1859; x_wconf 92' lang='lat' dir='ltr'>et</span> <span class='ocrx_word' id='word_1_402' title='bbox 2702 1801 2917 1858; x_wconf 91' lang='lat' dir='ltr'>mentis</span> <span class='ocrx_word' id='word_1_403' title='bbox 2939 1801 3013 1856; x_wconf 79' lang='lat' dir='ltr'>ad</span> <span class='ocrx_word' id='word_1_404' title='bbox 3035 1801 3159 1857; x_wconf 91' lang='lat' dir='ltr'>ima</span> <span class='ocrx_word' id='word_1_405' title='bbox 3177 1800 3542 1872; x_wconf 87' lang='lat' dir='ltr'>remordent,</span> 
     </span>
    </p>
   </div>
   <div class='ocr_carea' id='block_1_68' title="bbox 1948 1890 3220 1966">
    <p class='ocr_par' dir='ltr' id='par_1_68' title="bbox 1948 1890 3220 1966">
     <span class='ocr_line' id='line_1_68' title="bbox 1948 1890 3220 1966; baseline -0.004 -15"><span class='ocrx_word' id='word_1_406' title='bbox 1948 1896 2251 1966; x_wconf 80' lang='lat' dir='ltr'>Aﬂligunt,</span> <span class='ocrx_word' id='word_1_407' title='bbox 2284 1895 2569 1961; x_wconf 90' lang='lat' dir='ltr'>cruciant,</span> <span class='ocrx_word' id='word_1_408' title='bbox 2595 1892 2907 1961; x_wconf 90' lang='lat' dir='ltr'>dilaniant,</span> <span class='ocrx_word' id='word_1_409' title='bbox 2936 1890 3220 1947; x_wconf 88' lang='lat' dir='ltr'>lacerant.</span> 
     </span>
    </p>
   </div>
   <div class='ocr_carea' id='block_1_69' title="bbox 1882 1979 3435 2058">
    <p class='ocr_par' dir='ltr' id='par_1_69' title="bbox 1882 1979 3435 2058">
     <span class='ocr_line' id='line_1_69' title="bbox 1882 1979 3435 2058; baseline -0.005 -16"><span class='ocrx_word' id='word_1_410' title='bbox 1882 1985 1995 2042; x_wconf 90' lang='lat' dir='ltr'>Sed</span> <span class='ocrx_word' id='word_1_411' title='bbox 2026 1990 2109 2057; x_wconf 91' lang='lat' dir='ltr'>tu,</span> <span class='ocrx_word' id='word_1_412' title='bbox 2143 1984 2575 2058; x_wconf 88' lang='lat' dir='ltr'>cunctipotens,</span> <span class='ocrx_word' id='word_1_413' title='bbox 2606 1986 2827 2038; x_wconf 62' lang='lat' dir='ltr'>nostra;</span> <span class='ocrx_word' id='word_1_414' title='bbox 2859 1997 2993 2055; x_wconf 89' lang='lat' dir='ltr'>spes</span> <span class='ocrx_word' id='word_1_415' title='bbox 3022 1996 3168 2037; x_wconf 88' lang='lat' dir='ltr'>vera</span> <span class='ocrx_word' id='word_1_416' title='bbox 3204 1979 3435 2049; x_wconf 88' lang='lat' dir='ltr'>salutis,</span> 
     </span>
    </p>
   </div>
   <div class='ocr_carea' id='block_1_70' title="bbox 1952 2069 3435 2145">
    <p class='ocr_par' dir='ltr' id='par_1_70' title="bbox 1952 2069 3435 2145">
     <span class='ocr_line' id='line_1_70' title="bbox 1952 2069 3435 2145; baseline -0.003 -15"><span class='ocrx_word' id='word_1_417' title='bbox 1952 2073 2109 2131; x_wconf 91' lang='lat' dir='ltr'>Ordo</span> <span class='ocrx_word' id='word_1_418' title='bbox 2136 2074 2341 2129; x_wconf 91' lang='lat' dir='ltr'>cluens</span> <span class='ocrx_word' id='word_1_419' title='bbox 2368 2088 2568 2128; x_wconf 89' lang='lat' dir='ltr'>rerum</span> <span class='ocrx_word' id='word_1_420' title='bbox 2598 2086 2856 2145; x_wconf 76' lang='lat' dir='ltr'>quaeque</span> <span class='ocrx_word' id='word_1_421' title='bbox 2886 2070 3207 2143; x_wconf 84' lang='lat' dir='ltr'>vigentque</span> <span class='ocrx_word' id='word_1_422' title='bbox 3231 2069 3435 2126; x_wconf 88' lang='lat' dir='ltr'>latent.</span> 
     </span>
    </p>
   </div>
   <div class='ocr_carea' id='block_1_71' title="bbox 1880 2158 3331 2237">
    <p class='ocr_par' dir='ltr' id='par_1_71' title="bbox 1880 2158 3331 2237">
     <span class='ocr_line' id='line_1_71' title="bbox 1880 2158 3331 2237; baseline -0.003 -18"><span class='ocrx_word' id='word_1_423' title='bbox 1880 2165 1962 2219; x_wconf 85' lang='lat' dir='ltr'>Me</span> <span class='ocrx_word' id='word_1_424' title='bbox 1991 2161 2231 2237; x_wconf 89' lang='lat' dir='ltr'>lapsum</span> <span class='ocrx_word' id='word_1_425' title='bbox 2261 2160 2482 2229; x_wconf 89' lang='lat' dir='ltr'>releva,</span> <span class='ocrx_word' id='word_1_426' title='bbox 2509 2159 2634 2217; x_wconf 89' lang='lat' dir='ltr'>vitii</span> <span class='ocrx_word' id='word_1_427' title='bbox 2663 2175 2760 2215; x_wconf 90' lang='lat' dir='ltr'>me</span> <span class='ocrx_word' id='word_1_428' title='bbox 2792 2158 3088 2231; x_wconf 89' lang='lat' dir='ltr'>sordeque</span> <span class='ocrx_word' id='word_1_429' title='bbox 3116 2172 3331 2231; x_wconf 80' lang='lat' dir='ltr'>purga,</span> 
     </span>
    </p>
   </div>
   <div class='ocr_carea' id='block_1_72' title="bbox 1953 2248 3096 2323">
    <p class='ocr_par' dir='ltr' id='par_1_72' title="bbox 1953 2248 3096 2323">
     <span class='ocr_line' id='line_1_72' title="bbox 1953 2248 3096 2323; baseline -0.005 -14"><span class='ocrx_word' id='word_1_430' title='bbox 1953 2252 2233 2309; x_wconf 84' lang='lat' dir='ltr'>Praesenti</span> <span class='ocrx_word' id='word_1_431' title='bbox 2255 2250 2494 2307; x_wconf 88' lang='lat' dir='ltr'>macula</span> <span class='ocrx_word' id='word_1_432' title='bbox 2524 2255 2581 2306; x_wconf 92' lang='lat' dir='ltr'>et</span> <span class='ocrx_word' id='word_1_433' title='bbox 2605 2266 2754 2305; x_wconf 84' lang='lat' dir='ltr'>exue</span> <span class='ocrx_word' id='word_1_434' title='bbox 2780 2248 3096 2323; x_wconf 75' lang='lat' dir='ltr'>praeterita.</span> 
     </span>
    </p>
   </div>
   <div class='ocr_carea' id='block_1_73' title="bbox 1884 2334 3351 2413">
    <p class='ocr_par' dir='ltr' id='par_1_73' title="bbox 1884 2334 3351 2413">
     <span class='ocr_line' id='line_1_73' title="bbox 1884 2334 3351 2413; baseline -0.002 -18"><span class='ocrx_word' id='word_1_435' title='bbox 1884 2345 2220 2397; x_wconf 89' lang='lat' dir='ltr'>Immunem</span> <span class='ocrx_word' id='word_1_436' title='bbox 2246 2338 2458 2412; x_wconf 67' lang='lat' dir='ltr'>culpae,</span> <span class='ocrx_word' id='word_1_437' title='bbox 2490 2354 2703 2407; x_wconf 87' lang='lat' dir='ltr'>regum</span> <span class='ocrx_word' id='word_1_438' title='bbox 2734 2340 2875 2413; x_wconf 80' lang='lat' dir='ltr'>Rex,</span> <span class='ocrx_word' id='word_1_439' title='bbox 2905 2336 3089 2393; x_wconf 87' lang='lat' dir='ltr'>redde</span> <span class='ocrx_word' id='word_1_440' title='bbox 3117 2334 3351 2407; x_wconf 60' lang='lat' dir='ltr'>futura,</span> 
     </span>
    </p>
   </div>
   <div class='ocr_carea' id='block_1_74' title="bbox 1956 2427 3213 2486">
    <p class='ocr_par' dir='ltr' id='par_1_74' title="bbox 1956 2427 3213 2486">
     <span class='ocr_line' id='line_1_74' title="bbox 1956 2427 3213 2486; baseline -0.004 0"><span class='ocrx_word' id='word_1_441' title='bbox 1956 2433 2023 2486; x_wconf 90' lang='lat' dir='ltr'>Ut</span> <span class='ocrx_word' id='word_1_442' title='bbox 2048 2428 2314 2485; x_wconf 91' lang='lat' dir='ltr'>mundus</span> <span class='ocrx_word' id='word_1_443' title='bbox 2339 2428 2576 2484; x_wconf 87' lang='lat' dir='ltr'>valeam</span> <span class='ocrx_word' id='word_1_444' title='bbox 2604 2431 2661 2483; x_wconf 89' lang='lat' dir='ltr'>te</span> <span class='ocrx_word' id='word_1_445' title='bbox 2691 2441 2971 2482; x_wconf 87' lang='lat' dir='ltr'>resonare</span> <span class='ocrx_word' id='word_1_446' title='bbox 3002 2427 3213 2482; x_wconf 90' lang='lat' dir='ltr'>Deum.</span> 
     </span>
    </p>
   </div>
   <div class='ocr_carea' id='block_1_75' title="bbox 1884 2512 3384 2588">
    <p class='ocr_par' dir='ltr' id='par_1_75' title="bbox 1884 2512 3384 2588">
     <span class='ocr_line' id='line_1_75' title="bbox 1884 2512 3384 2588; baseline -0.004 -13"><span class='ocrx_word' id='word_1_447' title='bbox 1884 2522 2072 2586; x_wconf 89' lang='lat' dir='ltr'>Quem</span> <span class='ocrx_word' id='word_1_448' title='bbox 2103 2522 2206 2574; x_wconf 88' lang='lat' dir='ltr'>tua</span> <span class='ocrx_word' id='word_1_449' title='bbox 2236 2516 2521 2573; x_wconf 78' lang='lat' dir='ltr'>connexis</span> <span class='ocrx_word' id='word_1_450' title='bbox 2542 2516 2760 2588; x_wconf 86' lang='lat' dir='ltr'>jubilat</span> <span class='ocrx_word' id='word_1_451' title='bbox 2790 2515 3113 2587; x_wconf 87' lang='lat' dir='ltr'>plasmatio</span> <span class='ocrx_word' id='word_1_452' title='bbox 3136 2512 3384 2585; x_wconf 88' lang='lat' dir='ltr'>lumbis,</span> 
     </span>
    </p>
   </div>
   <div class='ocr_carea' id='block_1_76' title="bbox 1954 2600 3379 2677">
    <p class='ocr_par' dir='ltr' id='par_1_76' title="bbox 1954 2600 3379 2677">
     <span class='ocr_line' id='line_1_76' title="bbox 1954 2600 3379 2677; baseline -0.003 -18"><span class='ocrx_word' id='word_1_453' title='bbox 1954 2607 2215 2677; x_wconf 76' lang='lat' dir='ltr'>Quaeque</span> <span class='ocrx_word' id='word_1_454' title='bbox 2242 2604 2401 2661; x_wconf 90' lang='lat' dir='ltr'>vehit</span> <span class='ocrx_word' id='word_1_455' title='bbox 2427 2603 2619 2674; x_wconf 89' lang='lat' dir='ltr'>tellus,</span> <span class='ocrx_word' id='word_1_456' title='bbox 2648 2619 2785 2677; x_wconf 72' lang='lat' dir='ltr'>quas</span> <span class='ocrx_word' id='word_1_457' title='bbox 2816 2601 2992 2676; x_wconf 87' lang='lat' dir='ltr'>polus</span> <span class='ocrx_word' id='word_1_458' title='bbox 3021 2606 3201 2674; x_wconf 87' lang='lat' dir='ltr'>atque</span> <span class='ocrx_word' id='word_1_459' title='bbox 3230 2600 3379 2658; x_wconf 88' lang='lat' dir='ltr'>tulit.</span> 
     </span>
    </p>
   </div>
   <div class='ocr_carea' id='block_1_77' title="bbox 1883 2690 3375 2768">
    <p class='ocr_par' dir='ltr' id='par_1_77' title="bbox 1883 2690 3375 2768">
     <span class='ocr_line' id='line_1_77' title="bbox 1883 2690 3375 2768; baseline -0.003 -19"><span class='ocrx_word' id='word_1_460' title='bbox 1883 2696 2023 2759; x_wconf 65' lang='lat' dir='ltr'>Quae</span> <span class='ocrx_word' id='word_1_461' title='bbox 2053 2695 2213 2750; x_wconf 86' lang='lat' dir='ltr'>fovet</span> <span class='ocrx_word' id='word_1_462' title='bbox 2236 2709 2552 2768; x_wconf 80' lang='lat' dir='ltr'>aequoreus</span> <span class='ocrx_word' id='word_1_463' title='bbox 2576 2692 2844 2749; x_wconf 90' lang='lat' dir='ltr'>diversos</span> <span class='ocrx_word' id='word_1_464' title='bbox 2876 2705 3095 2761; x_wconf 87' lang='lat' dir='ltr'>gurges</span> <span class='ocrx_word' id='word_1_465' title='bbox 3122 2690 3186 2746; x_wconf 91' lang='lat' dir='ltr'>in</span> <span class='ocrx_word' id='word_1_466' title='bbox 3208 2707 3375 2759; x_wconf 86' lang='lat' dir='ltr'>usus,</span> 
     </span>
    </p>
   </div>
   <div class='ocr_carea' id='block_1_78' title="bbox 1953 2779 3195 2854">
    <p class='ocr_par' dir='ltr' id='par_1_78' title="bbox 1953 2779 3195 2854">
     <span class='ocr_line' id='line_1_78' title="bbox 1953 2779 3195 2854; baseline -0.003 -15"><span class='ocrx_word' id='word_1_467' title='bbox 1953 2788 2055 2839; x_wconf 85' lang='lat' dir='ltr'>Ast</span> <span class='ocrx_word' id='word_1_468' title='bbox 2085 2800 2187 2839; x_wconf 88' lang='lat' dir='ltr'>aer</span> <span class='ocrx_word' id='word_1_469' title='bbox 2213 2783 2468 2840; x_wconf 88' lang='lat' dir='ltr'>volitans</span> <span class='ocrx_word' id='word_1_470' title='bbox 2489 2784 2527 2805; x_wconf 81' lang='grc'>’³⁵</span> <span class='ocrx_word' id='word_1_471' title='bbox 2551 2783 2618 2854; x_wconf 73' lang='grc' dir='ltr'>[Γ.</span> <span class='ocrx_word' id='word_1_472' title='bbox 2656 2780 2811 2854; x_wconf 88' lang='lat' dir='ltr'>alite]</span> <span class='ocrx_word' id='word_1_473' title='bbox 2839 2779 3195 2854; x_wconf 86' lang='lat' dir='ltr'>plumigera.</span> 
     </span>
    </p>
   </div>
   <div class='ocr_carea' id='block_1_79' title="bbox 1885 2868 3281 2949">
    <p class='ocr_par' dir='ltr' id='par_1_79' title="bbox 1885 2868 3281 2949">
     <span class='ocr_line' id='line_1_79' title="bbox 1885 2868 3281 2949; baseline -0.004 -19"><span class='ocrx_word' id='word_1_474' title='bbox 1885 2876 2154 2949; x_wconf 89' lang='lat' dir='ltr'>Cumque</span> <span class='ocrx_word' id='word_1_475' title='bbox 2176 2872 2260 2928; x_wconf 85' lang='lat' dir='ltr'>tui</span> <span class='ocrx_word' id='word_1_476' title='bbox 2291 2872 2471 2927; x_wconf 81' lang='lat' dir='ltr'>fueris</span> <span class='ocrx_word' id='word_1_477' title='bbox 2496 2871 2684 2943; x_wconf 86' lang='lat' dir='ltr'>judex</span> <span class='ocrx_word' id='word_1_478' title='bbox 2713 2871 2776 2926; x_wconf 94' lang='lat' dir='ltr'>in</span> <span class='ocrx_word' id='word_1_479' title='bbox 2804 2869 3053 2925; x_wconf 89' lang='lat' dir='ltr'>numine</span> <span class='ocrx_word' id='word_1_480' title='bbox 3079 2868 3281 2936; x_wconf 88' lang='lat' dir='ltr'>Patris,</span> 
     </span>
    </p>
   </div>
   <div class='ocr_carea' id='block_1_80' title="bbox 1958 2956 3545 3037">
    <p class='ocr_par' dir='ltr' id='par_1_80' title="bbox 1958 2956 3545 3037">
     <span class='ocr_line' id='line_1_80' title="bbox 1958 2956 3545 3037; baseline -0.003 -19"><span class='ocrx_word' id='word_1_481' title='bbox 1958 2961 2354 3035; x_wconf 89' lang='lat' dir='ltr'>Supplicitum</span> <span class='ocrx_word' id='word_1_482' title='bbox 2399 2960 2689 3034; x_wconf 91' lang='lat' dir='ltr'>reprobis,</span> <span class='ocrx_word' id='word_1_483' title='bbox 2720 2957 2970 3037; x_wconf 70' lang='lat' dir='ltr'>prremia</span> <span class='ocrx_word' id='word_1_484' title='bbox 3011 2958 3286 3031; x_wconf 91' lang='lat' dir='ltr'>dansque</span> <span class='ocrx_word' id='word_1_485' title='bbox 3315 2956 3545 3033; x_wconf 89' lang='lat' dir='ltr'>probis.</span> 
     </span>
    </p>
   </div>
   <div class='ocr_carea' id='block_1_81' title="bbox 1813 3046 3544 3145">
    <p class='ocr_par' dir='ltr' id='par_1_81' title="bbox 1813 3046 3544 3145">
     <span class='ocr_line' id='line_1_81' title="bbox 1813 3046 3544 3145; baseline -0.002 -39"><span class='ocrx_word' id='word_1_486' title='bbox 1813 3082 1854 3145; x_wconf 64' lang='grc' dir='ltr'>α</span> <span class='ocrx_word' id='word_1_487' title='bbox 1886 3054 1950 3107; x_wconf 87' lang='lat' dir='ltr'>Et</span> <span class='ocrx_word' id='word_1_488' title='bbox 1995 3066 2092 3106; x_wconf 88' lang='lat' dir='ltr'>me</span> <span class='ocrx_word' id='word_1_489' title='bbox 2132 3049 2307 3106; x_wconf 90' lang='lat' dir='ltr'>olidis</span> <span class='ocrx_word' id='word_1_490' title='bbox 2337 3050 2604 3106; x_wconf 88' lang='lat' dir='ltr'>vinctum</span> <span class='ocrx_word' id='word_1_491' title='bbox 2635 3065 2774 3105; x_wconf 90' lang='lat' dir='ltr'>cum</span> <span class='ocrx_word' id='word_1_492' title='bbox 2818 3047 3081 3121; x_wconf 88' lang='lat' dir='ltr'>spexeris</span> <span class='ocrx_word' id='word_1_493' title='bbox 3112 3046 3349 3103; x_wconf 89' lang='lat' dir='ltr'>eminus</span> <span class='ocrx_word' id='word_1_494' title='bbox 3380 3046 3544 3117; x_wconf 74' lang='lat' dir='ltr'>aedis,</span> 
     </span>
    </p>
   </div>
   <div class='ocr_carea' id='block_1_82' title="bbox 1955 3136 3439 3214">
    <p class='ocr_par' dir='ltr' id='par_1_82' title="bbox 1955 3136 3439 3214">
     <span class='ocr_line' id='line_1_82' title="bbox 1955 3136 3439 3214; baseline -0.003 -18"><span class='ocrx_word' id='word_1_495' title='bbox 1955 3140 2054 3197; x_wconf 83' lang='lat' dir='ltr'>Hic</span> <span class='ocrx_word' id='word_1_496' title='bbox 2082 3139 2231 3196; x_wconf 89' lang='lat' dir='ltr'>mihi</span> <span class='ocrx_word' id='word_1_497' title='bbox 2260 3156 2405 3196; x_wconf 91' lang='lat' dir='ltr'>nam</span> <span class='ocrx_word' id='word_1_498' title='bbox 2437 3138 2739 3214; x_wconf 88' lang='lat' dir='ltr'>spondent</span> <span class='ocrx_word' id='word_1_499' title='bbox 2757 3138 2876 3193; x_wconf 87' lang='lat' dir='ltr'>heu</span> <span class='ocrx_word' id='word_1_500' title='bbox 2904 3136 3278 3194; x_wconf 87' lang='lat' dir='ltr'>monimenta</span> <span class='ocrx_word' id='word_1_501' title='bbox 3302 3136 3439 3192; x_wconf 90' lang='lat' dir='ltr'>mei.</span> 
     </span>
    </p>
   </div>
   <div class='ocr_carea' id='block_1_83' title="bbox 1884 3224 3555 3300">
    <p class='ocr_par' dir='ltr' id='par_1_83' title="bbox 1884 3224 3555 3300">
     <span class='ocr_line' id='line_1_83' title="bbox 1884 3224 3555 3300; baseline -0.004 -13"><span class='ocrx_word' id='word_1_502' title='bbox 1884 3228 2249 3287; x_wconf 89' lang='lat' dir='ltr'>Candidulos</span> <span class='ocrx_word' id='word_1_503' title='bbox 2262 3233 2483 3285; x_wconf 89' lang='lat' dir='ltr'>memet</span> <span class='ocrx_word' id='word_1_504' title='bbox 2503 3226 2959 3300; x_wconf 89' lang='lat' dir='ltr'>quamprimum</span> <span class='ocrx_word' id='word_1_505' title='bbox 2980 3224 3263 3282; x_wconf 85' lang='lat' dir='ltr'>transfert</span> <span class='ocrx_word' id='word_1_506' title='bbox 3276 3225 3339 3281; x_wconf 91' lang='lat' dir='ltr'>in</span> <span class='ocrx_word' id='word_1_507' title='bbox 3361 3240 3555 3300; x_wconf 80' lang='lat' dir='ltr'>agnos</span> 
     </span>
    </p>
   </div>
   <div class='ocr_carea' id='block_1_84' title="bbox 1954 3313 3201 3387">
    <p class='ocr_par' dir='ltr' id='par_1_84' title="bbox 1954 3313 3201 3387">
     <span class='ocr_line' id='line_1_84' title="bbox 1954 3313 3201 3387; baseline -0.003 -14"><span class='ocrx_word' id='word_1_508' title='bbox 1954 3320 2234 3387; x_wconf 87' lang='lat' dir='ltr'>Coagnus</span> <span class='ocrx_word' id='word_1_509' title='bbox 2267 3317 2473 3373; x_wconf 82' lang='lat' dir='ltr'>dexter</span> <span class='ocrx_word' id='word_1_510' title='bbox 2500 3332 2636 3373; x_wconf 86' lang='lat' dir='ltr'>eam</span> <span class='ocrx_word' id='word_1_511' title='bbox 2666 3315 2899 3372; x_wconf 88' lang='lat' dir='ltr'>velleris</span> <span class='ocrx_word' id='word_1_512' title='bbox 2931 3313 3201 3384; x_wconf 85' lang='lat' dir='ltr'>almiﬂui,</span> 
     </span>
    </p>
   </div>
   <div class='ocr_carea' id='block_1_85' title="bbox 1883 3401 3272 3477">
    <p class='ocr_par' dir='ltr' id='par_1_85' title="bbox 1883 3401 3272 3477">
     <span class='ocr_line' id='line_1_85' title="bbox 1883 3401 3272 3477; baseline 0 -16"><span class='ocrx_word' id='word_1_513' title='bbox 1883 3406 2144 3472; x_wconf 90' lang='lat' dir='ltr'>Quintini</span> <span class='ocrx_word' id='word_1_514' title='bbox 2172 3406 2397 3462; x_wconf 90' lang='lat' dir='ltr'>meritis</span> <span class='ocrx_word' id='word_1_515' title='bbox 2426 3407 2636 3461; x_wconf 90' lang='lat' dir='ltr'>merito</span> <span class='ocrx_word' id='word_1_516' title='bbox 2669 3420 2851 3477; x_wconf 91' lang='lat' dir='ltr'>super</span> <span class='ocrx_word' id='word_1_517' title='bbox 2878 3404 3098 3460; x_wconf 80' lang='lat' dir='ltr'>aethera</span> <span class='ocrx_word' id='word_1_518' title='bbox 3127 3401 3272 3471; x_wconf 85' lang='lat' dir='ltr'>noti,</span> 
     </span>
    </p>
   </div>
   <div class='ocr_carea' id='block_1_86' title="bbox 1954 3489 3245 3566">
    <p class='ocr_par' dir='ltr' id='par_1_86' title="bbox 1954 3489 3245 3566">
     <span class='ocr_line' id='line_1_86' title="bbox 1954 3489 3245 3566; baseline -0.005 -15"><span class='ocrx_word' id='word_1_519' title='bbox 1954 3496 2135 3566; x_wconf 91' lang='lat' dir='ltr'>Cujus</span> <span class='ocrx_word' id='word_1_520' title='bbox 2165 3493 2387 3550; x_wconf 89' lang='lat' dir='ltr'>inutilis</span> <span class='ocrx_word' id='word_1_521' title='bbox 2412 3510 2547 3549; x_wconf 90' lang='lat' dir='ltr'>sum</span> <span class='ocrx_word' id='word_1_522' title='bbox 2578 3493 2849 3549; x_wconf 88' lang='lat' dir='ltr'>servulus</span> <span class='ocrx_word' id='word_1_523' title='bbox 2876 3495 2932 3548; x_wconf 89' lang='lat' dir='ltr'>et</span> <span class='ocrx_word' id='word_1_524' title='bbox 2962 3489 3245 3553; x_wconf 79' lang='lat' dir='ltr'>famulus.</span> 
     </span>
    </p>
   </div>
   <div class='ocr_carea' id='block_1_87' title="bbox 1880 3664 3174 3742">
    <p class='ocr_par' dir='ltr' id='par_1_87' title="bbox 1880 3664 3174 3742">
     <span class='ocr_line' id='line_1_87' title="bbox 1880 3664 3174 3742; baseline -0.005 -18"><span class='ocrx_word' id='word_1_525' title='bbox 1880 3669 2045 3724; x_wconf 89' lang='lat' dir='ltr'>Visas</span> <span class='ocrx_word' id='word_1_526' title='bbox 2074 3669 2380 3725; x_wconf 90' lang='lat' dir='ltr'>Fiscannis</span> <span class='ocrx_word' id='word_1_527' title='bbox 2411 3682 2649 3742; x_wconf 89' lang='lat' dir='ltr'>semper</span> <span class='ocrx_word' id='word_1_528' title='bbox 2678 3664 2948 3721; x_wconf 85' lang='lat' dir='ltr'>felicibus</span> <span class='ocrx_word' id='word_1_529' title='bbox 2980 3664 3174 3731; x_wconf 84' lang='lat' dir='ltr'>annis,</span> 
     </span>
    </p>
   </div>
   <div class='ocr_carea' id='block_1_88' title="bbox 1879 3751 3277 3830">
    <p class='ocr_par' dir='ltr' id='par_1_88' title="bbox 1879 3751 3277 3830">
     <span class='ocr_line' id='line_1_88' title="bbox 1879 3751 3277 3830; baseline -0.004 -17"><span class='ocrx_word' id='word_1_530' title='bbox 1879 3758 2185 3814; x_wconf 86' lang='lat' dir='ltr'>Fiscannis</span> <span class='ocrx_word' id='word_1_531' title='bbox 2217 3756 2411 3829; x_wconf 86' lang='lat' dir='ltr'>gaude</span> <span class='ocrx_word' id='word_1_532' title='bbox 2439 3756 2582 3830; x_wconf 89' lang='lat' dir='ltr'>quia</span> <span class='ocrx_word' id='word_1_533' title='bbox 2612 3760 2675 3811; x_wconf 91' lang='lat' dir='ltr'>tu</span> <span class='ocrx_word' id='word_1_534' title='bbox 2699 3753 3053 3824; x_wconf 88' lang='lat' dir='ltr'>dignissima</span> <span class='ocrx_word' id='word_1_535' title='bbox 3078 3751 3277 3811; x_wconf 87' lang='lat' dir='ltr'>laude.</span> 
     </span>
    </p>
   </div>
   <div class='ocr_carea' id='block_1_89' title="bbox 1878 3842 3256 3915">
    <p class='ocr_par' dir='ltr' id='par_1_89' title="bbox 1878 3842 3256 3915">
     <span class='ocr_line' id='line_1_89' title="bbox 1878 3842 3256 3915; baseline -0.003 -12"><span class='ocrx_word' id='word_1_536' title='bbox 1878 3851 1991 3903; x_wconf 89' lang='lat' dir='ltr'>Vos</span> <span class='ocrx_word' id='word_1_537' title='bbox 2031 3848 2461 3903; x_wconf 89' lang='lat' dir='ltr'>Fiscannenses</span> <span class='ocrx_word' id='word_1_538' title='bbox 2488 3844 2773 3900; x_wconf 90' lang='lat' dir='ltr'>virtutum</span> <span class='ocrx_word' id='word_1_539' title='bbox 2805 3842 3037 3913; x_wconf 87' lang='lat' dir='ltr'>cingitis</span> <span class='ocrx_word' id='word_1_540' title='bbox 3064 3857 3256 3915; x_wconf 84' lang='lat' dir='ltr'>enses,</span> 
     </span>
    </p>
   </div>
   <div class='ocr_carea' id='block_1_90' title="bbox 1880 3932 3270 4011">
    <p class='ocr_par' dir='ltr' id='par_1_90' title="bbox 1880 3932 3270 4011">
     <span class='ocr_line' id='line_1_90' title="bbox 1880 3932 3270 4011; baseline -0.005 -18"><span class='ocrx_word' id='word_1_541' title='bbox 1880 3937 2149 3993; x_wconf 80' lang='lat' dir='ltr'>Ecclesiae</span> <span class='ocrx_word' id='word_1_542' title='bbox 2180 3941 2380 4011; x_wconf 89' lang='lat' dir='ltr'>postes</span> <span class='ocrx_word' id='word_1_543' title='bbox 2411 3933 2734 3991; x_wconf 90' lang='lat' dir='ltr'>nebulosos</span> <span class='ocrx_word' id='word_1_544' title='bbox 2764 3932 3020 3990; x_wconf 88' lang='lat' dir='ltr'>sternitis</span> <span class='ocrx_word' id='word_1_545' title='bbox 3047 3933 3270 4005; x_wconf 84' lang='lat' dir='ltr'>hostes,</span> 
     </span>
    </p>
   </div>
   <div class='ocr_carea' id='block_1_91' title="bbox 1880 4021 3155 4093">
    <p class='ocr_par' dir='ltr' id='par_1_91' title="bbox 1880 4021 3155 4093">
     <span class='ocr_line' id='line_1_91' title="bbox 1880 4021 3155 4093; baseline -0.007 -9"><span class='ocrx_word' id='word_1_546' title='bbox 1880 4026 2032 4084; x_wconf 79' lang='lat' dir='ltr'>Felix</span> <span class='ocrx_word' id='word_1_547' title='bbox 2068 4026 2368 4083; x_wconf 87' lang='lat' dir='ltr'>Fiscannis</span> <span class='ocrx_word' id='word_1_548' title='bbox 2395 4024 2561 4081; x_wconf 90' lang='lat' dir='ltr'>stella</span> <span class='ocrx_word' id='word_1_549' title='bbox 2586 4023 2864 4080; x_wconf 90' lang='lat' dir='ltr'>rutilante</span> <span class='ocrx_word' id='word_1_550' title='bbox 2888 4021 3155 4093; x_wconf 81' lang='lat' dir='ltr'>Joannis,</span> 
     </span>
    </p>
   </div>
   <div class='ocr_carea' id='block_1_92' title="bbox 1876 4110 3094 4187">
    <p class='ocr_par' dir='ltr' id='par_1_92' title="bbox 1876 4110 3094 4187">
     <span class='ocr_line' id='line_1_92' title="bbox 1876 4110 3094 4187; baseline -0.002 -15"><span class='ocrx_word' id='word_1_551' title='bbox 1876 4118 1985 4183; x_wconf 85' lang='lat' dir='ltr'>Qui</span> <span class='ocrx_word' id='word_1_552' title='bbox 2014 4114 2192 4187; x_wconf 85' lang='lat' dir='ltr'>vegili</span> <span class='ocrx_word' id='word_1_553' title='bbox 2214 4131 2358 4170; x_wconf 90' lang='lat' dir='ltr'>cura</span> <span class='ocrx_word' id='word_1_554' title='bbox 2384 4112 2629 4169; x_wconf 89' lang='lat' dir='ltr'>mereris</span> <span class='ocrx_word' id='word_1_555' title='bbox 2658 4128 2845 4184; x_wconf 87' lang='lat' dir='ltr'>regna</span> <span class='ocrx_word' id='word_1_556' title='bbox 2875 4110 3094 4169; x_wconf 85' lang='lat' dir='ltr'>futura.</span> 
     </span>
    </p>
   </div>
   <div class='ocr_carea' id='block_1_93' title="bbox 1877 4198 3430 4277">
    <p class='ocr_par' dir='ltr' id='par_1_93' title="bbox 1877 4198 3430 4277">
     <span class='ocr_line' id='line_1_93' title="bbox 1877 4198 3430 4277; baseline -0.005 -15"><span class='ocrx_word' id='word_1_557' title='bbox 1877 4204 2143 4262; x_wconf 89' lang='lat' dir='ltr'>Seminat</span> <span class='ocrx_word' id='word_1_558' title='bbox 2169 4204 2231 4260; x_wconf 91' lang='lat' dir='ltr'>in</span> <span class='ocrx_word' id='word_1_559' title='bbox 2255 4202 2471 4277; x_wconf 89' lang='lat' dir='ltr'>luctus,</span> <span class='ocrx_word' id='word_1_560' title='bbox 2499 4206 2679 4259; x_wconf 90' lang='lat' dir='ltr'>metet</span> <span class='ocrx_word' id='word_1_561' title='bbox 2706 4202 2768 4257; x_wconf 92' lang='lat' dir='ltr'>in</span> <span class='ocrx_word' id='word_1_562' title='bbox 2799 4217 2908 4257; x_wconf 89' lang='lat' dir='ltr'>sua</span> <span class='ocrx_word' id='word_1_563' title='bbox 2939 4198 3161 4272; x_wconf 86' lang='lat' dir='ltr'>gaudia</span> <span class='ocrx_word' id='word_1_564' title='bbox 3185 4198 3430 4255; x_wconf 90' lang='lat' dir='ltr'>fructus.</span> 
     </span>
    </p>
   </div>
   <div class='ocr_carea' id='block_1_94' title="bbox 1875 4289 3393 4359">
    <p class='ocr_par' dir='ltr' id='par_1_94' title="bbox 1875 4289 3393 4359">
     <span class='ocr_line' id='line_1_94' title="bbox 1875 4289 3393 4359; baseline -0.005 -10"><span class='ocrx_word' id='word_1_565' title='bbox 1875 4296 2021 4350; x_wconf 84' lang='lat' dir='ltr'>Grex</span> <span class='ocrx_word' id='word_1_566' title='bbox 2055 4311 2199 4349; x_wconf 91' lang='lat' dir='ltr'>suus</span> <span class='ocrx_word' id='word_1_567' title='bbox 2230 4297 2316 4349; x_wconf 89' lang='lat' dir='ltr'>est</span> <span class='ocrx_word' id='word_1_568' title='bbox 2344 4296 2525 4359; x_wconf 88' lang='lat' dir='ltr'>tutus,</span> <span class='ocrx_word' id='word_1_569' title='bbox 2560 4290 2795 4349; x_wconf 87' lang='lat' dir='ltr'>Domini</span> <span class='ocrx_word' id='word_1_570' title='bbox 2823 4289 3113 4351; x_wconf 83' lang='lat' dir='ltr'>mandata</span> <span class='ocrx_word' id='word_1_571' title='bbox 3137 4291 3393 4347; x_wconf 86' lang='lat' dir='ltr'>secutus.</span> 
     </span>
    </p>
   </div>
   <div class='ocr_carea' id='block_1_95' title="bbox 1872 4379 3538 4458">
    <p class='ocr_par' dir='ltr' id='par_1_95' title="bbox 1872 4379 3538 4458">
     <span class='ocr_line' id='line_1_95' title="bbox 1872 4379 3538 4458; baseline -0.005 -19"><span class='ocrx_word' id='word_1_572' title='bbox 1872 4388 2020 4440; x_wconf 84' lang='lat' dir='ltr'>Nam</span> <span class='ocrx_word' id='word_1_573' title='bbox 2050 4382 2163 4438; x_wconf 92' lang='lat' dir='ltr'>sibi</span> <span class='ocrx_word' id='word_1_574' title='bbox 2190 4382 2477 4458; x_wconf 85' lang='lat' dir='ltr'>prodesse</span> <span class='ocrx_word' id='word_1_575' title='bbox 2509 4380 2758 4455; x_wconf 91' lang='lat' dir='ltr'>cupiens</span> <span class='ocrx_word' id='word_1_576' title='bbox 2789 4379 2893 4435; x_wconf 88' lang='lat' dir='ltr'>dat</span> <span class='ocrx_word' id='word_1_577' title='bbox 2921 4382 3243 4456; x_wconf 88' lang='lat' dir='ltr'>utrumque</span> <span class='ocrx_word' id='word_1_578' title='bbox 3268 4390 3538 4455; x_wconf 85' lang='lat' dir='ltr'>necesse,</span> 
     </span>
    </p>
   </div>
   <div class='ocr_carea' id='block_1_96' title="bbox 1873 4469 3258 4547">
    <p class='ocr_par' dir='ltr' id='par_1_96' title="bbox 1873 4469 3258 4547">
     <span class='ocr_line' id='line_1_96' title="bbox 1873 4469 3258 4547; baseline -0.006 -17"><span class='ocrx_word' id='word_1_579' title='bbox 1873 4473 2117 4547; x_wconf 81' lang='lat' dir='ltr'>Expedit</span> <span class='ocrx_word' id='word_1_580' title='bbox 2148 4476 2213 4528; x_wconf 91' lang='lat' dir='ltr'>ut</span> <span class='ocrx_word' id='word_1_581' title='bbox 2237 4472 2427 4535; x_wconf 89' lang='lat' dir='ltr'>duret,</span> <span class='ocrx_word' id='word_1_582' title='bbox 2458 4475 2513 4526; x_wconf 89' lang='lat' dir='ltr'>et</span> <span class='ocrx_word' id='word_1_583' title='bbox 2542 4475 2607 4525; x_wconf 92' lang='lat' dir='ltr'>ut</span> <span class='ocrx_word' id='word_1_584' title='bbox 2636 4469 3035 4527; x_wconf 87' lang='lat' dir='ltr'>ecclesiastica</span> <span class='ocrx_word' id='word_1_585' title='bbox 3075 4471 3258 4536; x_wconf 90' lang='lat' dir='ltr'>curet,</span> 
     </span>
    </p>
   </div>
   <div class='ocr_carea' id='block_1_97' title="bbox 1874 4554 3409 4637">
    <p class='ocr_par' dir='ltr' id='par_1_97' title="bbox 1874 4554 3409 4637">
     <span class='ocr_line' id='line_1_97' title="bbox 1874 4554 3409 4637; baseline -0.007 -16"><span class='ocrx_word' id='word_1_586' title='bbox 1874 4562 1996 4622; x_wconf 90' lang='lat' dir='ltr'>Sub</span> <span class='ocrx_word' id='word_1_587' title='bbox 2035 4579 2156 4637; x_wconf 93' lang='lat' dir='ltr'>quo</span> <span class='ocrx_word' id='word_1_588' title='bbox 2187 4559 2522 4617; x_wconf 88' lang='lat' dir='ltr'>Bernardus</span> <span class='ocrx_word' id='word_1_589' title='bbox 2561 4559 2776 4614; x_wconf 90' lang='lat' dir='ltr'>Christi</span> <span class='ocrx_word' id='word_1_590' title='bbox 2800 4557 3153 4617; x_wconf 83' lang='lat' dir='ltr'>dulcissima</span> <span class='ocrx_word' id='word_1_591' title='bbox 3180 4554 3409 4614; x_wconf 83' lang='lat' dir='ltr'>nardus</span> 
     </span>
    </p>
   </div>
   <div class='ocr_carea' id='block_1_98' title="bbox 1873 4644 3431 4727">
    <p class='ocr_par' dir='ltr' id='par_1_98' title="bbox 1873 4644 3431 4727">
     <span class='ocr_line' id='line_1_98' title="bbox 1873 4644 3431 4727; baseline -0.004 -21"><span class='ocrx_word' id='word_1_592' title='bbox 1873 4653 2068 4709; x_wconf 80' lang='lat' dir='ltr'>Hostis</span> <span class='ocrx_word' id='word_1_593' title='bbox 2099 4650 2178 4709; x_wconf 88' lang='lat' dir='ltr'>ad</span> <span class='ocrx_word' id='word_1_594' title='bbox 2205 4663 2496 4721; x_wconf 87' lang='lat' dir='ltr'>angorem</span> <span class='ocrx_word' id='word_1_595' title='bbox 2521 4646 2625 4727; x_wconf 85' lang='lat' dir='ltr'>qui</span> <span class='ocrx_word' id='word_1_596' title='bbox 2650 4651 2928 4709; x_wconf 89' lang='lat' dir='ltr'>sanctum</span> <span class='ocrx_word' id='word_1_597' title='bbox 2955 4646 3139 4720; x_wconf 88' lang='lat' dir='ltr'>spirat</span> <span class='ocrx_word' id='word_1_598' title='bbox 3161 4644 3431 4702; x_wconf 86' lang='lat' dir='ltr'>odorem.</span> 
     </span>
    </p>
   </div>
  </div>
