3878 6432
608 253 713 305 759
1775 236 2071 295 GAUSLIN
2079 236 2162 291 US
2192 231 2489 288 BITURIG.
2522 228 2843 286 ABCHIEP.

620 367 1376 402 g4?

2001 507 2145 548 ANNO
2173 504 2360 544 DOMINI
2390 502 2585 543 MXIVII
2594 530 2605 541 .

1784 687 2844 841 GAUSLINUS

1538 1010 1899 1065 BITURICEN
1909 1006 2009 1062 SIS
2072 999 2419 1061 ECCLESLE
2481 998 3090 1055 ARCHIEPISCOPUS.

2117 1165 2533 1183 ﬂ

1762 1327 2200 1416 NOTITIA
2261 1323 2881 1411 HISTORICA.

1537 1565 1763 1635 (Gallia
1806 1562 2175 1627 Christiana,
2207 1572 2348 1614 nov.
2380 1555 2520 1612 edit.
2551 1559 2695 1610 tom.
2730 1559 2795 1622 Il,
2829 1569 2966 1627 pag.
3000 1555 3108 1625 39.)

694 1784 1028 1851 Gauslinus,
1096 1780 1365 1851 Hugonis
1421 1777 1643 1851 Capeti,
1718 1775 2035 1832 Galliarum
2093 1768 2270 1839 regis,
2302 1769 2351 1823 Α
2380 1781 2536 1840 pago
2585 1765 2891 1821 Venetensi
2935 1765 3211 1821 coenobia
3259 1766 3584 1823 San-Gildas

622 1877 862 1939 nothus,
893 1872 1006 1928 sub
1051 1870 1301 1927 Abbone
1338 1867 1629 1924 magistro
1657 1865 1717 1920 in
1747 1860 2107 1919 monasterio
2155 1859 2275 1914 Flo-
2382 1855 2734 1911 Moriacense
2773 1859 3017 1923 regeret,
3049 1854 3185 1911 illuc
3234 1870 3528 1923 regressus
3558 1873 3569 1910 :

622 1964 874 2022 riacensi
916 1961 1173 2017 multum
1202 1976 1293 2032 pr:
1316 1958 1449 2014 fecit
1484 1958 1544 2012 in
1574 1954 1797 2021 litteris,
1826 1953 2086 2008 maxime
2135 1963 2275 2003 vero
2385 1945 2505 2000 Vita
2535 1946 2588 1999 S.
2620 1943 2798 1999 Gildas
2831 1944 3086 2032 saeculor
3120 1943 3500 2032 Benedictino.

623 2055 687 2110 in
715 2054 1002 2109 virtutum
1046 2031 1319 2105 omnium
1349 2045 1577 2102 studiis.
1614 2046 1985 2116 Quapropter
2014 2038 2275 2111 primum
2457 2034 2580 2086 Fuit
2604 2036 2801 2085 autem
2842 2031 3039 2100 gravis
3070 2034 3457 2087 controversia
3485 2031 3584 2087 inte

625 2142 873 2215 quidem
924 2138 1115 2194 abbas
1161 2135 1403 2192 Floriaci
1456 2134 1764 2189 ordinatus
1808 2135 1914 2198 est,
1971 2144 2109 2196 rege
2166 2128 2279 2180 Ro-
2387 2124 2442 2173 et
2464 2118 2785 2215 Iordanem
2818 2118 3182 2215 episcopum
3204 2119 3584 2215 ‘Lemovicens

626 2205 794 2285 berto
841 2227 1019 2283 fratre
1067 2225 1335 2297 cupiente
1382 2241 1396 2291 ;
1455 2238 1640 2295 quam
1690 2223 1891 2275 tamen
1932 2215 2279 2286 dignitatem
2387 2212 2618 2262 ceratus
2644 2205 2893 2297 fuerata
2921 2207 3175 2297 Seguino
3203 2207 3584 2297 Burdegalens

626 2316 792 2374 haud
820 2314 989 2371 facile
1028 2295 1379 2369 consecutus
1409 2316 1514 2378 est,
1560 2308 1726 2383 quod
1767 2322 1892 2363 non
1922 2310 2076 2361 esset
2102 2304 2282 2373 legit--
2389 2312 2562 2368 copo,
2594 2298 2657 2350 ut
2681 2296 2811 2365 jam
2844 2312 2915 2351 ex
2963 2295 3264 2351 Ademaro
3308 2295 3580 2353 Cabanen

628 2421 730 2461 mo
757 2403 1035 2474 conjugio
1075 2406 1274 2458 natus.
1305 2404 1513 2457 Postea
1542 2397 1790 2471 quando
1820 2395 1900 2453 ad
1937 2394 2281 2451 cathedram
2388 2384 2494 2456 qui
2522 2388 2722 2440 tamen
2761 2388 2991 2456 postea,
3024 2388 3359 2474 retractans
3402 2401 3533 2457 quae
3572 2401 3584 2457 ]

629 2473 1049 2550 Bituricensem
1094 2490 1203 2546 fuit
1248 2492 1583 2563 provectus,
1646 2486 1947 2556 graviores
1999 2499 2072 2539 ea
2113 2498 2282 2538 occa-
2392 2477 2633 2563 testatur
2672 2488 2808 2563 eum
2841 2478 3253 2529 consecratum
3284 2473 3464 2528 fuisse
3496 2474 3572 2529 ab

631 2583 794 2638 sione
823 2584 1022 2636 motus
1048 2579 1158 2635 orti
1189 2562 1344 2634 sunt.
1380 2575 1726 2632 Audiendus
1751 2591 1822 2631 ea
1846 2574 1921 2630 de
1953 2590 2015 2629 re
2045 2588 2283 2629 coaevus
2391 2562 2561 2617 nensi
2589 2562 2889 2634 episcopO,
2920 2562 3263 2632 coadjutore
3289 2562 3584 2634 archiepis

626 2669 880 2742 scriptor
901 2668 1232 2723 Ademarus
1277 2664 1643 2722 Cabanensis
1671 2662 1731 2719 in
1758 2661 2047 2720 Chronico
2073 2679 2086 2716 :
2117 2683 2144 2712 «
2164 2664 2285 2716 Rex
2391 2651 2588 2707 tensis.
2625 2654 2737 2707 Cur
2753 2650 2844 2742 ab
2873 2650 2989 2742 alio
3016 2667 3199 2722 quam
3245 2650 3323 2706 ab
3353 2651 3584 2742 archiep

629 2739 917 2814 Rob—crtus
945 2771 1056 2829 pro
1087 2755 1368 2811 defuncto
1399 2753 1674 2824 (Abbone
1716 2751 2066 2808 Floriacensi
2096 2750 2283 2806 abba-
2394 2745 2590 2829 oratus
2621 2740 2791 2829 fuerit
2816 2740 3129 2829 Jordanus,
3148 2756 3394 2795 causam
3419 2739 3584 2829 attuli

628 2850 681 2902 te
710 2863 749 2903 a
787 2825 1160 2901 Vasconibus
1204 2843 1418 2913 occiso)
1465 2840 1764 2898 ordinavit
1809 2839 2091 2895 abbatem
2133 2840 2286 2894 Gau-
2394 2828 2555 2901 quod
2590 2828 2858 2884 nondum
2902 2827 3215 2884 Gauslinus
3240 2831 3394 2883 esset
3420 2825 3477 2882 in
3513 2844 3584 2882 se

627 2935 905 3004 zelinum,
960 2932 1096 2988 licet
1164 2934 1567 3003 repugnarent
1642 2927 1944 2993 monachi,
2020 2925 2289 2982 nolentes
2398 2921 2710 2990 θερίας-Αἰ
2733 2917 2914 2990 paulo
2944 2922 3082 2990 post
3106 2916 3285 2972 aliam
3317 2916 3584 2988 profertt

630 3021 741 3076 sibi
769 3034 1026 3093 praeesse
1056 3018 1247 3073 ﬁlium
1291 3017 1487 3072 scorti.
1524 3018 1661 3071 Erat
1689 3014 1848 3069 enim
1878 3014 2007 3086 ipse
2050 3014 2289 3069 nobilis-
2398 3006 2607 3077 inquit,
2639 3006 2952 3078 pecuniam
2983 3004 3321 3077 requirebat
3349 3020 3462 3077 pro
3507 3004 3584 3059 im

634 3106 768 3163 simi
825 3110 1189 3163 Francorum
1230 3104 1515 3176 principis
1544 3102 1829 3173 (Hugonis
1871 3102 2093 3174 Capeti)
2131 3101 2213 3157 ﬁli
2244 3120 2289 3157 IS
2317 3108 2363 3162 B
2400 3107 2609 3159 nuum,
2642 3098 3015 3166 contemptus
3062 3098 3167 3148 est.
3197 3096 3368 3148 Notat
3400 3109 3541 3148 vero

633 3210 898 3260 manzer,
929 3209 967 3248 a
1015 3206 1203 3263 puero
1252 3190 1312 3246 in
1362 3188 1725 3245 monasterio
1776 3191 1830 3246 8.
1866 3189 2160 3246 Benedicti
2189 3206 2294 3246 nu-
2398 3179 2630 3234 dioibus
2676 3180 2922 3236 Thuano
2969 3185 3025 3236 et
3074 3180 3520 3237 Claramontani
3566 3196 3584 3235 ί

631 3270 823 3352 tritus,
873 3295 1058 3353 quem
1090 3278 1269 3335 etiam
1307 3294 1412 3333 rex
1457 3294 1637 3351 supra
1669 3278 1921 3350 scriptus
1969 3278 2291 3351 archiepis-
2398 3269 2581 3324 Verba
2609 3269 2751 3329 haec,
2787 3270 2892 3325 sed
2918 3269 3216 3325 sufﬁciens
3262 3285 3448 3324 causa
3478 3268 3584 3323 dis:

645 3386 867 3442 copum
916 3366 1384 3423 Bituricensibus
1419 3366 1460 3421 fr
1476 3367 1556 3421 cit
1580 3371 1809 3439 postea,
1842 3366 2119 3423 defuncto
2151 3370 2292 3437 Dag-
2400 3357 2525 3412 Sine
2553 3357 2894 3413 auctoritate
2924 3357 3014 3412 sui
3057 3355 3502 3428 metropolitani
3534 3374 3584 3411 ο(

638 3458 808 3514 berto
864 3456 1336 3528 archiepiscopo.
1399 3457 1468 3510 Se
1486 3455 1508 3509 ,1
1566 3461 1623 3510 et
1672 3455 1785 3528 ipsi
1856 3456 2290 3528 (Biturzcenses)
2401 3452 2490 3503 Fat
2533 3447 2827 3502 Jordanus
2860 3466 2873 3515 ;
2901 3449 3101 3520 itaque
3127 3446 3284 3503 facta
3312 3448 3555 3519 synodo

639 3545 1055 3619 quinquennio
1105 3543 1455 3600 seditionem
1500 3549 1742 3613 agentes
1790 3543 2109 3600 noluerunt
2155 3560 2293 3600 eum
2401 3552 2531 3592 rem
2596 3553 2732 3605 rege
2803 3536 3105 3605 RotbertO,
3164 3536 3263 3591 ubi
3329 3541 3565 3608 septem

638 3634 793 3689 intra
832 3632 1047 3688 urbem
1092 3632 1376 3704 recipere,
1409 3630 1744 3687 clamantes
1769 3648 1892 3687 una
1942 3648 2108 3686 voce.
2157 3633 2294 3688 Non
2403 3626 2741 3694 adfuerunt,
2771 3625 2865 3681 die
2896 3629 3286 3693 Pentecostes,
3318 3642 3463 3680 cum
3491 3626 3584 3679 sui

641 3719 803 3775 decet
831 3717 1136 3773 dominari
1154 3705 1437 3772 Ecclesia?
1463 3718 1658 3783 ,(lz'um
1683 3717 1881 3771 scorti.
1908 3718 2295 3771 Postmodum
2404 3715 2589 3786 copis,
2621 3719 2812 3770 totum
2846 3714 3289 3769 Lemovicinum
3344 3729 3584 3768 excomi

642 3809 945 3877 sequestre
995 3803 1244 3860 Odilone
1295 3802 1350 3858 al
1366 3802 1515 3859 hate
1560 3803 1717 3873 regis
1746 3804 2024 3860 voluntas
2071 3820 2297 3877 praeva-
2407 3810 2490 3859 ter
2535 3803 2736 3859 locum
2761 3804 2815 3859 S.
2860 3802 3154 3860 Martialis.
3189 3845 3202 3858 .
3240 3848 3251 3859 .
3290 3845 3303 3858 .
3343 3846 3356 3859 .
3390 3802 3584 3875 ipsuu

641 3893 770 3959 luit,
801 3896 859 3948 et
881 3891 984 3947 Dei
1006 3896 1157 3946 nutu
1183 3891 1246 3945 in
1278 3890 1480 3945 sedem
1516 3896 1831 3965 susceptus
1864 3896 1973 3949 est.
2004 3915 2032 3941 ››
2406 3892 2484 3948 ab
2538 3890 2732 3948 ofﬁcio
2758 3908 2867 3947 suo
2892 3891 3235 3965 episcopali.
3272 3895 3539 3961 Purgare

719 3979 876 4035 Infra
902 3979 1156 4051 loquens
1183 3978 1341 4034 idem
1372 3979 1624 4053 scriptor
1666 3994 1742 4037 de
1773 3981 2148 4037 ordinatione
2192 3983 2296 4037 Ge-
2406 3981 2600 4037 danus
2656 3997 2859 4036 coram
2910 3997 3090 4053 papa,
3146 3984 3210 4036 ut
3264 3981 3557 4035 observat

647 4066 802 4124 raldi
843 4066 904 4122 in
952 4066 1091 4122 sede
1140 4067 1563 4135 Lemovicensi,
1608 4084 1792 4140 quem
1840 4068 1982 4124 dicit
2016 4068 2077 4123 in
2110 4069 2301 4138 gradu
2407 4069 2617 4126 maluit
2661 4070 2797 4142 paci
2849 4069 3157 4125 consulere
3208 4074 3264 4124 et
3323 4068 3584 4123 humilit;

658 4155 989 4229 pontiﬁcali
1035 4154 1217 4210 fuisse
1259 4154 1601 4213 ordinatum
1630 4173 1667 4214 a
1715 4158 1972 4228 Seguino
2002 4158 2300 4214 monacho
2406 4159 2691 4233 praebere.
2720 4162 2869 4215 Nam
2896 4157 3259 4214 satisfaciens
3285 4157 3477 4212 nudis
3501 4174 3581 4229 pe

655 4243 1106 4318 archiepiscopo
1135 4242 1579 4314 Burdegalensi,
1630 4245 1869 4301 subdit:
1899 4268 1926 4295 «
1963 4250 2092 4302 Non
2140 4263 2300 4302 enim
2409 4256 2534 4306 tum
2565 4248 2732 4305 cleris
2762 4253 2818 4304 et
2844 4247 3174 4313 monachis,
3209 4247 3509 4301 omnibus
3566 4264 3584 4299 ε

653 4332 861 4389 adesse
891 4334 1081 4407 potuit
1109 4333 1440 4390 Gauslenus
1486 4334 1860 4392 Bituricensis
1907 4336 2301 4409 archiepisco-
2410 4339 2587 4395 ceatis
2615 4338 2888 4410 pedibus,
2925 4336 3234 4392 Bituricam
3267 4336 3488 4391 sedem
3517 4351 3584 4390 ac

652 4437 789 4495 pus,
820 4423 963 4495 quia
990 4422 1217 4479 nedum
1245 4428 1517 4496 receptus
1543 4424 1753 4480 eratin
1783 4424 1922 4480 sede
1964 4425 2234 4482 Biturica.
2272 4450 2298 4475 »
2333 4454 2376 4511 ρ
2409 4429 2690 4502 piscopus
2737 4443 2873 4482 cum
2918 4426 3074 4481 clero
3104 4424 3186 4479 eis
3235 4424 3549 4496 processit

654 4514 785 4568 Jam
828 4512 890 4567 in
920 4528 1033 4568 sua
1074 4512 1223 4568 urbe
1261 4512 1566 4569 admissus
1614 4513 1988 4571 conﬁrmavit
2031 4515 2300 4571 chartam
2409 4519 2535 4573 noxi
2570 4521 2652 4570 Iac
2684 4532 2785 4571 eos
2818 4516 3142 4583 deducens,
3169 4514 3339 4585 quod
3373 4513 3584 4581 ligave

657 4598 1020 4656 fundationis
1063 4600 1337 4657 Ecclesiae
1385 4602 1440 4657 S.
1474 4602 1853 4674 Austregesili
1903 4603 2303 4659 Graciacensis
2480 4604 2824 4674 Helgaudus
2879 4602 3264 4660 Floriacensis
3317 4601 3584 4657 monac}

657 4688 773 4744 hoc
815 4704 995 4745 anno.
1046 4688 1252 4745 Adfuit
1296 4689 1646 4747 Gauzelinus
1690 4691 1926 4764 synodo
1965 4691 2305 4760 Airiacensi,
2415 4693 2554 4749 Vitae
2604 4693 2855 4761 Roberti,
2912 4696 3120 4747 auctor
3174 4695 3262 4746 est
3328 4690 3584 4746 Gauslir

659 4776 802 4849 pagi
822 4777 1332 4846 Autissidorensis,
1360 4794 1461 4834 an.
1498 4783 1654 4836 {020.
2416 4781 2737 4838 Galliarum
2790 4778 3112 4852 episcopis,
3164 4777 3410 4834 levasse
3468 4793 3583 4832 cor

730 4866 816 4920 Ex
844 4865 1133 4922 Chronico
1159 4868 1214 4921 S.
1244 4865 1392 4921 Petri
1430 4864 1561 4921 Vixi
1583 4870 1730 4924 tom.
1763 4871 1808 4923 ll
1841 4867 2135 4941 Spicilegii
2174 4884 2311 4925 con-
2416 4874 2474 4926 et
2499 4870 2562 4925 in
2607 4884 2832 4924 novum
2862 4867 3152 4940 templum
3183 4866 3260 4921 ab
3311 4866 3463 4938 ipso
3492 4867 3584 4919 Bo

655 4952 895 5025 jicimus
924 4953 1103 5010 etiam
1130 4954 1333 5027 ipsum
1373 4953 1599 5012 sedisse
1652 4955 1713 5011 in
1757 4956 2006 5012 concilio
2048 4958 2309 5014 Aurelia-
2416 4961 2626 5014 datum
2693 4959 2753 5013 in
2816 4957 2963 5012 urbe
3032 4955 3479 5023 Aurelianensi,
3545 4973 3584 5007 si

659 5040 832 5097 nensi
857 5058 954 5098 an.
992 5046 1147 5110 1022,
1177 5042 1241 5099 in
1265 5058 1391 5116 quo
1418 5042 1688 5101 damnati
1718 5049 1857 5101 sunt
1892 5046 2142 5118 quidam
2187 5048 2309 5102 hae-
2416 5047 2797 5103 benedictum
2847 5044 3220 5100 transtulisse
3274 5059 3386 5098 an.
3463 5047 3584 5097 102·

659 5129 842 5199 retici,
871 5136 1084 5204 postea
1111 5131 1373 5188 ﬂammis
1400 5132 1641 5204 addicti,
1669 5134 1813 5207 quia
1861 5136 2167 5207 suscripsit
2195 5137 2313 5193 cui-
2416 5135 2537 5190 vita
2592 5132 2915 5189 excessisse
2986 5131 3218 5189 dicitur.
3274 5146 3584 5202 quanquz

661 5217 805 5274 dam
824 5222 1122 5291 praecepto
1141 5219 1380 5275 Roberii
1400 5220 1557 5287 regis
1578 5226 1717 5278 tunc
1735 5223 2017 5294 temporis
2039 5224 2178 5280 dato
2200 5242 2310 5297 pro
2417 5240 2565 5279 num
2612 5222 2882 5296 proxime
2913 5224 3260 5291 sequentem
3306 5219 3456 5289 ejus
3507 5235 3583 5273 nr

661 5306 900 5364 Miciaco
926 5306 1259 5363 Aurehanis
1284 5308 1543 5381 publice,
1570 5326 1731 5366 anno
1757 5313 2182 5368 lncarnationis
2205 5317 2312 5371 Do-
2420 5314 2557 5383 Ejus
2610 5328 2752 5367 vero
2799 5308 3190 5382 epitaphium,
3222 5307 3405 5379 quod
3449 5308 3580 5360 ded

663 5396 813 5452 mini
841 5400 998 5462 1022,
1030 5394 1276 5465 quando
1302 5397 1561 5455 haeretici
1586 5399 1855 5457 damnati
1884 5407 2024 5457 sunt
2045 5403 2308 5458 Aurelia-
2419 5407 2542 5458 tom
2588 5404 2652 5456 IV
2700 5398 3014 5457 Miscellan.
3066 5397 3226 5452 diem
3255 5397 3402 5466 ejus
3456 5396 3583 5451 obi‘

661 5484 778 5552 nis,
820 5498 981 5539 anno
1025 5485 1178 5539 1025,
1212 5483 1457 5542 Feliaem
1503 5490 1872 5547 monachum
1921 5507 2097 5546 suum
2127 5507 2158 5547 e
2190 5492 2309 5547 Bri-
2418 5489 2557 5545 Idus
2608 5487 2810 5544 Martii.
2862 5488 3043 5541 Porro
3098 5484 3261 5539 istud
3320 5482 3583 5554 epitapl

664 5569 871 5625 tannia
910 5567 1193 5625 reducem
1219 5569 1280 5625 in
1311 5571 1594 5631 abbatem
1622 5575 1941 5645 benedixit,
1972 5579 2308 5650 Hadegogis
2418 5577 2807 5646 negleximus,
2832 5575 2995 5647 quod
3049 5574 3120 5628 sit
3166 5571 3443 5628 barbare
3498 5588 3584 5624 se]

665 5656 980 5713 comitissaa
1025 5655 1326 5714 Britonum
1353 5658 1610 5743 hortatu,
1642 5669 1769 5722 uta
1798 5681 1861 5727 se
1888 5672 2219 5726 restaurata
2247 5668 2307 5724 in
2417 5684 2489 5723 ca
2542 5667 2617 5723 de
2671 5665 2965 5722 Gausleno
3013 5663 3247 5730 doceat,
3308 5660 3584 5725 nimirui
