3980 6426
347 268 450 322 767

1314 257 1683 314 ADELBEBO
1726 254 2212 312 LAUDUNENSIS
2250 256 2628 314 EPISCOPUS

3681 263 3789 318 768

823 420 1521 630 GAUSLlNl
1606 505 2090 627 SERMO
2154 508 2349 625 DE
2409 508 2516 627 s.
2592 508 3310 627 MARTIALI

557 742 733 813 (Vide
768 744 907 796 acta
936 739 1182 795 concilii
1208 738 1635 794 Lemovicensis
1668 738 1737 793 II
1755 752 1916 793 anno
1950 740 2079 793 1031
2113 737 2419 808 celebrati,
2450 738 2819 809 Patrologize
2847 743 2985 794 tom.
3019 740 3216 807 CXLII,
3245 740 3359 795 col.
3399 739 3577 811 1356.)

363 895 3794 928 m

1694 1080 1895 1132 ANNO
1951 1080 2218 1132 DOMINI
2283 1081 2445 1131 XXX

1555 1267 2603 1411 ADALBERO

1060 1621 1068 1629 -
1122 1560 1719 1682 LAUDUN
1747 1558 2149 1680 ENSIS
2233 1555 3008 1682 EPISCOPUS

1509 2018 1944 2104 NOTITIA
2023 2017 2652 2104 HISTORICA.

1236 2247 1489 2342 _(Gallia
1544 2248 1879 2309 chris-lianc
1935 2265 2115 2321 nova,
2174 2257 2327 2310 tom.
2377 2247 2478 2323 IX,
2542 2266 2687 2330 pag.
2724 2250 2888 2323 521.)

428 2487 747 2556 Adalbero,
779 2486 973 2542 dictus
994 2485 1172 2541 etiam
1204 2485 1505 2542 Azelinus.
1539 2486 1786 2542 clericus
1816 2501 1887 2540 ex
1935 2499 2021 2539 re-
2052 2468 2099 2520 Α
2142 2482 2363 2537 Eodem
2418 2497 2579 2537 anno
2632 2486 2758 2550 99l,
2801 2499 2879 2538 xv
2931 2481 3063 2538 Kal.
3098 2482 3231 2538 Julii
3275 2482 3578 2539 Adalbero
3610 2484 3816 2541 adfuit

360 2595 481 2648 gno
508 2576 766 2633 Lotharii
798 2577 969 2646 cujus
1009 2579 1135 2630 erat
1176 2576 1445 2631 notarius
1478 2592 1577 2631 an.
1629 2580 1755 2642 974,
1787 2575 2021 2630 favente

358 2670 491 2740 ipso
524 2665 797 2721 Lothario
836 2670 1070 2719 creatur
1113 2664 1436 2738 episcopus
1482 2665 1814 2721 admodum
1857 2666 2023 2735 juve-

356 2755 476 2821 nis,
508 2758 565 2810 et
596 2753 904 2809 Dominica
932 2753 1297 2818 Palmarum,
1332 2754 1451 2810 Cal.
1494 2761 1631 2827 Apr.
1666 2754 1744 2811 ab
1770 2754 2025 2809 Adalhe-

360 2858 507 2899 rone
539 2840 991 2913 archiepiscopo
1042 2848 1315 2897 sacratur
1348 2844 1722 2899 Durocortori
1767 2858 1865 2898 an.
1898 2848 2024 2909 977,

363 2936 507 2989 teste
526 2930 844 2985 Flodoardi
866 2931 1296 2986 continuatore.
1323 2935 1548 2988 Nomen
1580 2933 1708 3003 ejus
1739 2932 2028 3003 reperitur

362 3020 784 3088 subsignatum
814 3019 1279 3076 instrumentum
1318 3021 1559 3076 duobus
1592 3038 1890 3076 annorum
1923 3026 2026 3077 972

364 3114 422 3164 et
466 3111 608 3175 974;
657 3106 762 3161 sed
814 3113 1131 3180 utramque
1171 3110 1327 3164 haue
1381 3110 1836 3182 suscriptionem
1894 3113 2029 3180 post

365 3201 602 3269 tempus
633 3196 904 3252 additam
936 3214 1064 3252 esse
1092 3198 1220 3267 jam
1249 3198 1588 3254 observavit
1626 3199 1857 3256 Mabilio
1888 3216 2027 3253 nos-

366 3291 472 3342 ter.
534 3285 893 3357 Subscripsit
943 3302 1040 3340 an.
1074 3291 1179 3341 980
1211 3288 1439 3343 Chartae
1487 3288 1750 3342 Herberti
1793 3287 2025 3342 comitis

365 3374 669 3431 Trecensis
717 3390 826 3446 pro
874 3376 1191 3430 monachis
1243 3377 1680 3443 Dervensibus;
1729 3381 1784 3431 et
1814 3376 2028 3431 eodem

366 3464 595 3519 circiter
625 3480 787 3519 anno
818 3465 1133 3521 ecclesiam
1173 3467 1578 3522 Pctrae-Pontis
1609 3467 1774 3521 dedit
1820 3482 2028 3521 mona-

367 3552 493 3609 chis
538 3553 598 3608 in
641 3554 886 3609 abbatia
932 3556 1319 3611 Vincentiana
1369 3556 1668 3611 restitutis.
1711 3560 1883 3611 Anno
1926 3560 2028 3612 986

368 3642 720 3714 subscripsit
763 3642 1072 3699 donationi
1122 3645 1530 3716 quarumdam
1576 3645 1963 3700 ecclesiarum
1994 3662 2030 3701 a

366 3735 671 3787 Notranno
730 3733 1015 3805 episcopo
1068 3734 1412 3789 Nivernensi
1468 3736 1729 3805 capitulo
1783 3736 2029 3805 majoris

367 3820 629 3874 ecclesiae
683 3820 1058 3876 Nivernensis
1111 3822 1482 3878 collaturum.
1530 3823 1749 3878 Eodem
1800 3823 2031 3880 circiter
2060 3816 2103 3868 Β

369 3923 532 3963 anno
562 3908 944 3963 insimulatus
970 3915 1061 3965 est
1091 3910 1364 3966 adulterii
1387 3928 1525 3966 cum
1560 3915 1770 3967 Emma
1801 3913 2026 3982 regina;

368 4011 492 4067 qua
521 3995 596 4050 de
621 4012 682 4050 re
712 3996 1002 4066 legendus
1036 3999 1246 4067 Pagius
1276 4004 1419 4055 tom.
1464 4003 1549 4061 IV,
1576 4017 1716 4072 pag.
1741 4005 1827 4056 53.
1859 4008 2030 4056 Anno

370 4088 472 4140 987
506 4084 843 4156 impetravit
858 4086 937 4141 ab
957 4087 1206 4153 Hugone
1235 4089 1455 4161 Capeto
1477 4089 1744 4162 diploma
1768 4106 1877 4161 pro
1898 4106 2037 4144 con-

371 4173 709 4230 ﬁrmatione
730 4175 1031 4231 bonorum
1056 4179 1111 4233 S.
1131 4177 1414 4232 Vincentii
1442 4179 1871 4245 Laudunensis;
1892 4178 2033 4234 sub-

372 4262 725 4335 scripsitque
754 4269 1053 4336 praecepto
1084 4266 1357 4334 ejusdem
1390 4268 1546 4335 regis
1588 4284 1695 4340 pro
1721 4268 2035 4323 monachis

372 4350 852 4407 Corbeiensibus.
885 4359 1056 4408 Anno
1084 4358 1187 4409 989
1215 4355 1566 4428 subscripsit
1593 4357 1904 4429 privilegio
1928 4364 2033 4412 Ar-

370 4439 518 4494 nulﬁ
574 4441 883 4496 Remensis
944 4443 1379 4516 archiepiscopi
1428 4446 1502 4500 de
1561 4446 1937 4502 immunitate
1981 4458 2040 4509 et

370 4527 695 4586 donatione
726 4531 901 4601 burgi
935 4534 989 4588 S.
1022 4533 1288 4601 Remigii.
1318 4538 1489 4589 Anno
1517 4540 1642 4603 991,
1674 4552 1813 4590 cum
1854 4539 2033 4592 Caro-

372 4616 465 4672 lus
494 4619 873 4687 l.otharingia
903 4619 1025 4675 dux
1060 4622 1420 4678 Laudunum
1451 4625 1781 4689 invasisset,
1832 4625 2035 4697 ibique

374 4723 514 4763 cum
544 4708 791 4765 Arnulfo
815 4711 1088 4765 Remensi
1116 4718 1467 4775 moraretur,
1494 4713 1793 4769 Adalbero
1823 4715 2034 4769 urbem

374 4797 621 4853 tradidit
673 4799 910 4869 Hugoni
943 4800 1103 4870 regi:
1158 4802 1318 4857 unde
1352 4802 1628 4858 Silvester
1674 4819 1839 4876 papa
1865 4804 2039 4876 perﬁ-

374 4886 488 4941 dia:
515 4904 652 4943 eum
680 4889 912 4958 arguit;
964 4895 1020 4945 et
1050 4890 1364 4945 Guibertus
1394 4891 1469 4946 de
1521 4908 1591 4946 eo
1624 4892 1709 4947 sic
1751 4892 2035 4965 loquitur,

374 4975 478 5031 lib.
504 4991 592 5031 iu:
628 4998 655 5024 «
685 4978 1012 5043 Ascelinus,
1050 4978 1156 5050 qui
1201 4979 1380 5034 etiam
1412 4980 1715 5037 Adalbero
1766 4987 2033 5038 vocatur.

376 5080 449 5119 ex
478 5065 870 5135 Lotharingiae
900 5067 1211 5133 oriundus,
1257 5068 1422 5123 dives
1447 5085 1654 5141 opum,
1696 5072 2033 5143 possessio-

2138 2588 2246 2625 con
2259 2572 2457 2625 ventui
2483 2572 2906 2643 episcoporum
2937 2571 3103 2643 apud
3135 2573 3190 2627 S.
3226 2571 3503 2627 Bazolum
3563 2587 3811 2641 :ongre-

2140 2666 2279 2724 grato
2311 2667 2518 2715 contra
2548 2660 2831 2714 eumdem
2862 2658 3198 2715 Arnulfum.
3233 2670 3404 2715 Anno
3433 2660 3663 2715 circiter
3698 2664 3812 2717 994

2139 2749 2329 2805 adfuit
2377 2749 2545 2804 alteri
2572 2748 2808 2820 synodo
2863 2749 3185 2821 provincia:
3243 2749 3569 2804 Remensis.
3627 2754 3813 2806 Anno

2138 2841 2242 2894 998
2268 2838 2627 2910 subscripsit
2657 2838 2880 2893 chartae
2903 2837 3141 2893 Roberti
3171 2837 3326 2907 regis
3342 2852 3452 2909 pro
3499 2838 3819 2911 Dionysia-

2139 2928 2233 2982 nis
2282 2927 2636 2993 monachis;
2689 2927 2783 2982 cui
2826 2926 3083 2998 principi
3110 2926 3329 2981 dicavit
3371 2942 3637 2993 carmen,
3698 2944 3813 2983 seu

2141 3018 2354 3081 mavis,
2389 3021 2676 3087 satyram,
2706 3032 2892 3088 quam
2926 3031 3088 3071 anno
3122 3020 3255 3071 1663
3286 3016 3442 3071 notis
3493 3016 3814 3072 illustravit

2140 3105 2438 3160 Adrianus
2461 3105 2749 3160 Valesius.
2771 3108 2946 3159 Anno
2980 3108 3116 3159 1008
3136 3104 3302 3159 alteri
3328 3105 3547 3161 chartaa
3570 3105 3811 3161 Boberti

2139 3195 2294 3263 regis
2312 3212 2421 3267 pro
2449 3195 2824 3267 Uionysianis
2842 3195 3193 3267 subscripsit
3206 3195 3267 3250 in
3289 3195 3518 3251 Calensi
3534 3195 3808 3252 consilio.

2140 3290 2312 3340 Anno
2347 3290 2479 3340 1015
2508 3284 2699 3340 adfuit
2738 3284 2990 3339 concilio
3040 3285 3335 3355 Remensi,
3367 3290 3424 3341 et
3457 3284 3817 3357 subscripsit

2142 3374 2256 3429 sub
2285 3373 2531 3429 nomine
2574 3373 2792 3429 Azelini
2824 3373 2990 3429 alteri
3038 3373 3352 3445 diplomati
3393 3374 3668 3445 ejusdem
3701 3377 3818 3430 Ro-

2141 3461 2291 3517 berti
2321 3478 2432 3534 pro
2464 3462 2829 3517 monasterio
2863 3464 2917 3518 S.
2951 3461 3200 3531 Benigni
3233 3462 3624 3519 Divionensis.
3658 3465 3815 3519 Cum

2142 3568 2380 3623 magna:
2411 3558 2563 3607 esset
2594 3552 2957 3608 auctoritatis
2974 3552 3035 3607 in
3054 3568 3262 3623 regno,
3278 3569 3349 3608 eo
3366 3558 3577 3623 agente
3591 3553 3817 3609 Ebalus

2143 3642 2202 3697 in
2224 3641 2452 3696 Arnulfi
2494 3642 2926 3713 archiepiscopi
2967 3641 3169 3697 locum
3202 3641 3485 3698 suffectus
3515 3648 3605 3698 est
3646 3658 3816 3698 anno

2149 3735 2273 3785 1021
2292 3732 2470 3796 .Quas
2487 3731 2699 3785 eodem
2723 3731 2953 3786 circiter
2967 3736 3234 3803 tempore
3246 3731 3588 3787 excitaverit
3602 3731 3815 3787 turbas

2145 3820 2203 3875 in
2262 3820 2518 3875 Ecclesia
2564 3820 3045 3889 Suessionnensi,
3091 3819 3347 3876 dicimus
3402 3820 3462 3876 in
3504 3821 3816 3877 Harduino

2146 3910 2523 3965 Noviomensi
2554 3910 2862 3982 episcopo.
2887 3909 3092 3965 Adfuit
3118 3926 3279 3966 anno
3314 3915 3447 3966 1027
3479 3911 3819 3967 coronatio-

2143 3999 2205 4053 ni
2235 3999 2481 4054 Heinriei
2514 4003 2533 4054 l
2565 3999 2742 4069 regis,
2775 3999 3086 4055 celebratae
3117 3999 3281 4071 apud
3314 4002 3527 4055 Remos
3554 4002 3689 4062 ipso
3716 4000 3818 4056 die

2144 4090 2515 4143 Pentecostes
2545 4132 2558 4155 ,
2592 4094 2649 4143 et
2678 4088 3030 4161 subscripsit
3058 4088 3363 4162 privilegio
3394 4088 3631 4145 Roberti
3656 4089 3819 4158 regis

2142 4193 2252 4249 pro
2269 4177 2582 4233 monachis
2602 4178 3019 4233 Dervensibus.
3042 4178 3265 4234 Eodem
3283 4194 3444 4234 anno
3462 4178 3821 4251 subscripsit

2143 4266 2308 4321 alteri
2364 4266 2633 4337 ejusdem
2692 4266 2927 4321 Boberti
2990 4267 3210 4323 chartae
3276 4283 3387 4339 pro
3439 4267 3818 4323 monasterio

2144 4356 2551 4420 Gemeticensi,
2583 4360 2881 4428 superstes
2914 4356 2993 4411 ad
3020 4372 3161 4412 ann.
3199 4360 3354 4413 1030.

2214 4449 2360 4499 Ante
2390 4444 2621 4499 obitum
2654 4460 2834 4499 suum
2863 4444 2938 4499 de
2982 4461 3323 4500 successore
3366 4445 3478 4500 sibi
3510 4444 3817 4501 sufﬁcien-

2143 4534 2223 4589 do
2293 4533 2561 4603 Widone,
2630 4539 2845 4605 nepote
2920 4534 3149 4589 Beroldi
3220 4533 3487 4606 episcopi
3553 4534 3819 4590 Suessio-

2144 4623 2366 4687 nensis,
2392 4623 2794 4692 cogitaverat;
2827 4622 2989 4695 quod
3034 4622 3331 4679 Gerardus
3368 4625 3815 4680 Cameracensis

2145 4713 2464 4785 episcopus
2528 4712 2699 4767 valde
2755 4711 3140 4784 improbant,
3197 4711 3401 4767 litteris
3476 4712 3556 4768 ad
3612 4712 3813 4785 ipsum

2145 4801 2585 4858 Adalberonem
2611 4806 2668 4857 et
2698 4801 2776 4857 ad
2807 4800 3057 4856 Ebalum
3100 4801 3622 4874 archiepiscopum
3679 4802 3816 4857 scri-

2146 4890 2509 4964 psit,quibus
2526 4890 2958 4947 exsecrandam
2982 4890 3143 4946 illam
3168 4892 3496 4947 novitatem
3510 4891 3811 4962 suggillat,

2146 4981 2420 5036 videlicet
2468 4986 2533 5036 ut
2563 4997 2683 5036 una
2736 4980 2996 5036 Ecclesia
3025 4981 3180 5037 duos
3221 4981 3443 5037 habeat
3471 4981 3811 5053 episcopos.

2150 5069 2321 5137 fregit
2366 5069 2759 5125 Adalberonis
2809 5069 3126 5125 consilium
3175 5070 3418 5125 Gerardi
3465 5069 3643 5136 zelus,
3674 5069 3815 5125 effe-

377 5168 526 5207 num
556 5153 842 5225 locuples,
870 5171 1031 5221 cum,
1055 5154 1353 5211 distractis
1382 5157 1685 5213 omnibus.
1711 5159 1900 5231 pretia
1949 5160 2037 5214 in-
2066 5164 2106 5220 C
2151 5160 2345 5231 citque
2392 5164 2458 5214 ut
2492 5175 2613 5213 non
2651 5159 2840 5227 Wido,
2882 5158 2990 5214 sed
3030 5158 3332 5215 Gebuinus
3364 5160 3414 5215 ei
3448 5160 3812 5214 succederet.

381 5240 581 5308 gentia
625 5241 704 5295 ad
751 5243 956 5298 sedem
988 5244 1080 5299 cui
1112 5250 1365 5316 praeerat
1408 5248 1824 5314 transtulisset,
1857 5248 2037 5303 eccle-

382 5326 535 5380 siam
586 5342 761 5382 suam
814 5331 1130 5403 praecipuis
1159 5333 1406 5405 quidem
1455 5336 1767 5391 ornatibus
1794 5337 2040 5407 insigni-

382 5414 495 5479 vit;
531 5413 687 5467 clero
710 5432 778 5470 ac
804 5420 1109 5488 pontiﬁcio
1140 5422 1314 5493 plura
1342 5424 1507 5479 auxit
1530 5443 1543 5492 ;
1578 5426 1679 5481 sed
1706 5431 1920 5482 cuncta
1941 5426 2042 5483 illa

381 5499 676 5555 beneﬁcia
705 5503 973 5571 quadam
1004 5511 1492 5576 praestantissima
1518 5513 1826 5586 iniquitate
1858 5514 2043 5570 foeda-

386 5587 489 5652 vit,
528 5586 844 5643 dominum
876 5607 1055 5647 suum
1098 5611 1320 5667 regem,
1350 5599 1726 5657 innocentem
1763 5619 2043 5674 puerum,

389 5677 487 5732 cui
512 5681 957 5733 sacramentum
987 5678 1286 5740 ﬁdelitatis
1316 5688 1678 5759 praebuerat,
1706 5691 1991 5764 prodidit.
2019 5716 2047 5744 »

2154 5254 2351 5305 Exstat
2375 5249 2626 5305 Fulberti
2652 5249 2729 5305 ad
2748 5249 3189 5305 Adalberonem
3212 5249 3463 5323 epistola
3490 5268 3502 5317 ;
3532 5250 3649 5321 ipsi
3674 5266 3817 5305 vero

2153 5340 2322 5395 Dudo
2365 5339 2635 5394 decanus
2683 5340 2737 5395 S.
2775 5339 3037 5404 Quintini
3081 5338 3614 5395 Viromanduensis
3661 5355 3817 5394 nun-

2151 5427 2395 5499 cupavit
2437 5428 2619 5482 libros
2650 5433 2764 5483 tres
2796 5427 2871 5483 de
2902 5428 3082 5483 rebus
3126 5431 3633 5497 Normannorum,
3664 5443 3820 5499 quos

2152 5515 2336 5571 edidit
2397 5517 2804 5580 Quercetanus
2854 5532 2993 5572 cum
3050 5516 3180 5571 aliis
3234 5516 3623 5589 scriptoribus
3680 5520 3820 5571 Nor-

2155 5604 2449 5660 mannicis
2536 5607 2868 5661 Exstmctus
2926 5623 2979 5661 v1
3034 5604 3159 5661 Kal.
3221 5604 3369 5661 febr.
3429 5622 3500 5661 ex
3553 5605 3820 5661 necrolo-

2156 5693 2254 5765 gio
2300 5692 2710 5767 Vincentiano,
2738 5694 3009 5768 sepultus
3033 5699 3123 5753 est
3150 5711 3290 5752 cum
3335 5694 3465 5752 aliis
3493 5711 3619 5751 suae
3665 5694 3820 5751 sedis
