3878 6390
502 255 602 309 771
1554 252 2042 309 ADALBERONIS
2070 248 2424 308 EPISCOPIS
2455 249 2843 306 LAUDENSIS
3599 257 3669 310 ’Πὶ

505 374 586 430 ad
611 374 956 431 Adelaidem
988 378 1258 442 matrem,
1290 390 1473 446 opera
1503 376 1794 431 Gerberti:
1827 397 1853 423 ‹‹
1882 379 2253 445 Aggravatus
2284 378 2369 446 est
2398 373 2568 428 dolor
2597 390 2787 441 meus,
2807 390 2857 446 _o
2886 373 2970 428 mi
3000 373 3277 446 dominam
3297 372 3420 446 dulce
3441 376 3595 431 matris
3613 393 3673 433 nc

504 462 644 501 men
670 463 682 500 :
715 447 862 501 dum
892 447 1207 517 conjugem
1238 442 1486 517 perdidi,
1514 461 1649 517 spes
1680 447 1737 500 in
1769 446 1889 501 lilio
1914 442 2019 501 fuit
2046 446 2113 515 (is
2144 445 2327 499 hostis
2360 446 2547 499 factus
2577 461 2657 507 es,
2684 444 2997 517 instigante
3022 443 3204 517 Carolo
3224 442 3330 517 duce
3347 445 3422 516 qui
3437 461 3546 517 ream
3569 463 3681 504 accu-

506 517 679 572 sabat
708 533 844 571 cum
891 514 1259 588 quibusdam
1300 516 1425 588 aliis
1453 514 1615 587 apud
1665 518 2068 583 Ludovicum).
2096 523 2139 588 Α
2170 534 2263 570 me
2310 521 2679 570 recesserunt
2710 516 3036 570 duleissimi
3084 514 3320 587 quondam
3361 514 3445 588 ξι]θὶ
3485 519 3682 573 amiciad

504 586 1153 657 ignominiam—meam,
1188 603 1255 641 ac
1286 587 1461 641 totius
1493 586 1721 653 generis
1754 590 1886 642 mei.
1927 586 2353 642 Nefandissima
2382 589 2437 640 in
2474 588 2925 659 Laiulunensem
2950 586 3271 659 conﬂixerant
3303 586 3580 659 episcopum.
3605 593 3686 645 Per-

504 664 834 737 sequuntur
860 671 1027 737 eum,
1051 659 1409 730 proprioque
1443 659 1698 737 spoliare
1734 659 2380 737 contendunt_ho_norez
2417 663 2474 711 ut
2517 658 3271 737 inuraturmiliiignominia
3291 658 3575 737 sempiterna,
3599 677 3687 732 quia

506 727 781 799 sit—quasi
802 727 1135 798 justissima
1163 727 1345 784 causa
1397 727 1702 783 aniittendi
1732 731 1974 784 honoris
2021 730 2155 795 mei,
2183 734 2289 782 etc.
2321 730 2613 797 (Uiziinmri
2658 730 2907 795 epistola
2935 734 3023 851 50f
3057 746 3069 782 :
3106 728 3240 793 Quod
3267 727 3417 808 attinet
3436 730 3497 784 ad
3530 727 3696 803 tem-pus

506 815 625 851 auo
655 799 895 851 praecise
926 804 1177 851 Carmen
1222 816 1398 851 suum
1445 802 1844 851 composuerit
1889 800 2202 851 Adalbcro.
2234 800 2315 851 sic
2368 801 2527 851 iuvat
2577 797 2881 851 adnotare.
2918 799 2996 851 Ini
3032 798 3274 851 ubitatum
3313 798 3496 851 quidem
3537 802 3696 851 videtur

504 797 895 878 quo—praecise
926 804 1415 878 Carmennsuum
1445 802 1844 870 composuerit
1889 800 2202 878 Adallmro.
2234 800 2315 877 sic
2360 801 2527 878 juvat
2577 797 2881 878 adnotare.
2918 797 3274 878 lndubitatum
3313 797 3699 878 quidemdvidétui

504 868 787 942 scriptum
818 868 996 924 fuisse
1025 875 1160 942 post
1190 869 1452 942 Hugonis
1486 868 1757 933 mortem,
1779 887 1913 924 cum
1944 871 2121 939 hujus
2154 872 2306 935 regis
2350 868 2573 923 nullam
2606 870 2969 942 mentionem
2993 869 3173 942 faciat.
3208 868 3459 925 Verosimile
3480 872 3621 927 etiam
3650 886 3705 928 est

503 955 623 1012 non
656 940 835 994 fuisse
866 940 1176 995 exaratum
1202 940 1451 995 durante
1482 957 1552 995 ea
1584 946 1929 1012 tempestate
1955 958 2139 1011 quam
2174 958 2207 995 a
2241 942 2497 993 Rolwrto
2524 956 2657 1001 rege
2683 941 3035 1010 patiebatur,
3071 940 3309 1011 Sylvcstro
3327 955 3449 1012 papa
3472 944 3708 998 Ecclesiam

506 1011 896 1082 gubernante.
930 1014 1107 1066 Porro
1138 1012 1289 1066 sedit
1317 1012 1608 1082 Sylvester
1629 1011 1721 1066 ab,
1736 1028 1895 1066 anno
1927 1016 2027 1067 999
2052 1012 2127 1065 ad
2159 1028 2385 1065 annum
2424 1013 2575 1065 1003.
2606 1012 2743 1065 Hinc
2776 1013 3105 1080 conjectare
3126 1012 3227 1065 licet
3245 1011 3428 1066 carmen
3442 1013 3716 1070 Adalbcroni

504 1080 912 1153 revocandum
942 1098 1068 1136 esse
1092 1082 1175 1153 ad
1208 1080 1434 1137 annum
1466 1084 1692 1137 circiter
1724 1089 1875 1149 1006,
1908 1099 2030 1153 quo
2052 1099 2211 1136 anno
2238 1088 2293 1136 et
2322 1083 2606 1135 Hobertus
2621 1084 2858 1146 juvenis
2882 1089 2937 1136 et
2963 1082 3229 1136 Adulbero
3249 1098 3399 1150 senex,
3419 1100 3503 1138 seu
3518 1085 3568 1140 in
3589 1104 3716 1142 senw.

504 1151 622 1206 dici
652 1157 986 1223 potuerunt.
1022 1152 1499 1225 .tdalberoenim
1534 1160 1669 1207 tunc
1698 1161 1868 1207 natus
1900 1151 2024 1207 erat
2054 1154 2197 1207 forte
2226 1170 2417 1207 anuos
2450 1161 2535 1212 60,
2573 1153 2898 1225 utpoteiqui
2921 1159 3151 1225 creatus
3173 1152 3318 1225 fuerat
3334 1155 3586 1225 episcopus
3611 1174 3715 1211 annc

504 1227 627 1277 977.
664 1226 943 1278 Caeterum
972 1224 1165 1277 adhuc
1192 1224 1426 1277 vivebat
1456 1225 1643 1277 isdem
1677 1225 1889 1294 praesul
1922 1240 2080 1278 anno
2120 1229 2246 1277 tO'ZT
2277 1243 2288 1288 ;
2325 1230 2459 1277 tunc
2491 1224 2647 1276 enim
2701 1224 3051 1293 subscripsit
3077 1225 3133 1277 in
3160 1224 3326 1294 placito
3350 1241 3377 1278 a
3403 1224 3614 1282 Roberto
3635 1246 3716 1292 reg.

546 1309 613 1365 ro
645 1294 1206 1365 Gemmeticensibus
1231 1294 1451 1348 habito.
1482 1295 1652 1358 Quod
1683 1302 1981 1365 utcunque
2012 1295 2226 1365 probat
2256 1311 2393 1347 eum
2426 1310 2543 1347 non
2576 1294 2835 1365 potuisse
2866 1294 2981 1348 dici
3014 1294 3071 1347 in
3102 1298 3234 1349 senio
3273 1300 3378 1365 ante
3403 1311 3591 1352 annum
3616 1304 3715 1353 1006

525 1364 618 1418 Sed
642 1364 766 1417 haec
793 1365 934 1418 tanti
963 1381 1081 1418 non
1110 1371 1245 1419 sunt
1272 1371 1332 1418 ut
1362 1366 1429 1418 iis
1459 1366 1678 1418 diutius
1708 1364 2215 1419 immemoremur.
2248 1369 2445 1435 Ipsum
2475 1364 2909 1418 Adalberonem
2957 1381 3093 1419 cum
3126 1382 3234 1429 rege
3273 1364 3548 1489 IOﬂuentem
3582 1371 3716 1424 audis

525 1451 659 1488 nus.
695 1435 901 1489 Littera
930 1436 1000 1489 P.
1034 1436 1225 1489 versui
1257 1438 1522 1489 prietixa.
1557 1441 1619 1489 ut
1646 1443 1848 1489 monet
1881 1437 2136 1489 Valesius
2164 1435 2475 1489 praesulem
2510 1436 2755 1489 indicat:
2791 1438 2859 1489 Β.
2892 1452 3028 1489 vero
3059 1452 3234 1489 regem
3260 1452 3315 1489 c0
3352 1441 3626 1489 ocutorem.
3652 1444 3715 1489 Ρη

501 1451 659 1506 mus.
695 1435 901 1506 Littera
930 1436 1000 1505 P,
1034 1436 1225 1489 versui
1257 1438 1522 1505 prietixa,
1557 1441 1619 1490 ut
1646 1443 1848 1490 monet
1881 1437 2136 1490 Valesius
2164 1435 2475 1506 przrsulem
2510 1436 2755 1501 indicat;
2791 1438 2859 1503 Β,
2892 1452 3028 1490 vero
3059 1452 3234 1505 regem
3260 1435 3626 1494 collocutorem.
3652 1444 3715 1495 ΡΙῚ

502 1504 666 1561 fusas
697 1504 907 1560 Valesii
935 1511 1109 1561 notas
1142 1504 1606 1574 conservamus;
1640 1512 1696 1561 et
1727 1508 1773 1561 si
1803 1508 1949 1578 quid
1980 1504 2281 1575 addimus,
2316 1506 2375 1560 id
2406 1510 2685 1561 notamus
2718 1506 2989 1562 asterico.

511 1707 3716 1744 Μ

1522 1872 2681 2013 ADALBERON
2694 1869 2870 2009 IS

1967 2208 2407 2294 CARMEN

860 2456 1057 2574 AD
1120 2454 2002 2577 ROTBERTUM
2069 2458 2558 2579 REGEM
2609 2453 3505 2578 FRANCORUM.

1428 2723 1603 2785 (Dom
1635 2725 1907 2791 Bououer,
1938 2724 2176 2778 Recueil
2204 2723 2301 2778 des
2335 2722 2667 2793 historicus,
2702 2726 2842 2777 tom.
2875 2721 2962 2792 X.)

1982 2938 2381 2945 Μ*

1029 3097 1279 3161 Ρηλιςευι.
1315 3100 1453 3169 Regi
1486 3098 1735 3157 Roberto
1764 3101 1846 3157 sic
1872 3105 2091 3176 praesul
2120 3105 2415 3161 Adalbero
2447 3106 2641 3161 scribo
2673 3109 2771 3175 (t),

1313 3190 1578 3244 Prcesulis
1608 3191 1665 3245 in
1694 3208 1875 3246 senio.
1915 3196 2180 3249 Fratrum
2214 3194 2590 3249 Laudunicus
2617 3195 2763 3249 ordo
2793 3196 2892 3263 (2),

1310 3276 1441 3331 Flos
1467 3278 1757 3347 juvenum
1789 3280 2128 3353 fructusque
2162 3298 2392 3345 senum,
2428 3288 2479 3337 te
2513 3288 2709 3338 mente
2737 3283 2970 3338 salutat.

1313 3368 1372 3419 In
1402 3364 1619 3421 tabulis
1650 3367 1917 3423 describe
1945 3369 2026 3423 tui
2053 3384 2159 3440 per
2190 3370 2428 3439 singula
2453 3371 2650 3425 cordis

1217 3457 1268 3507 5.
1310 3454 1543 3518 Quanta
1572 3458 1725 3511 Deus
1752 3456 1856 3512 tibi
1882 3458 2193 3527 concessit,
2226 3458 2321 3513 vel
2348 3458 2552 3530 qualia
2582 3459 2759 3515 misit.

1308 3542 1537 3614 Dispice
1568 3544 1615 3599 si
1645 3544 1855 3600 merito
1884 3545 2029 3617 quid
2060 3562 2267 3601 verum
2295 3547 2367 3601 sit
2396 3547 2758 3602 trutinando.

1306 3634 1503 3687 Patres
1533 3648 1794 3705 namque
1824 3634 1907 3689 tui
1934 3634 2131 3703 longe,
2164 3651 2285 3701 rex,
2320 3635 2706 3707 induperator
2731 3638 2828 3706 (3).

1309 3721 1419 3774 Lac
1451 3720 1553 3775 tibi
1579 3722 1809 3790 sugenti
1841 3722 1944 3777 dat
1963 3722 2158 3776 nutrix
2190 3722 2595 3794 induperatrix
2623 3726 2701 3795 (4)

1305 3809 1556 3863 Mundus
1584 3810 1782 3865 adhuc
1812 3826 1998 3881 puero
2025 3811 2338 3866 dominum
2366 3817 2620 3867 metatur
2644 3818 2699 3867 et
2726 3814 2923 3868 omnis
2949 3814 3025 3884 (5)

1184 3899 1266 3950 10.
1309 3898 1673 3966 Congaudet,
1706 3898 1940 3968 plaudit
1967 3899 2271 3963 manibus,
2293 3899 2525 3955 laetatur
2552 3906 2610 3955 et
2632 3906 2776 3973 opat
2800 3903 2877 3973 (6)

1306 3988 1371 4039 In
1394 4000 1595 4054 regem
1627 3984 1763 4054 sibi,
1794 4002 1939 4041 mox
1966 3987 2248 4042 concordi
2280 4003 2424 4043 voce
2456 3994 2721 4046 coronat.

1303 4074 1676 4129 Praestolatur
1699 4074 1762 4129 in
1786 4075 1899 4130 hoc
1925 4076 2167 4131 veniant
2188 4081 2254 4131 ut
2280 4082 2551 4150 tempora
2580 4079 2764 4151 pacis.

1306 4162 1556 4217 Lubrica
1583 4166 1723 4217 tunc
1754 4163 2146 4220 adolescentis
2176 4168 2443 4222 transivit
2471 4172 2527 4223 et
2552 4174 2770 4223 testas:

1305 4248 1467 4304 Flore
1488 4249 1812 4319 juventutis
1843 4255 1945 4307 tua
1971 4253 2099 4322 jam
2124 4253 2461 4325 resplendet
2484 4255 2686 4325 imago
2711 4261 2791 4323 (7)

1178 4338 1260 4393 l5.
1299 4337 1519 4394 Forma
1548 4355 1725 4411 super
1752 4347 1996 4397 cunctos
2018 4342 2193 4398 nobis
2228 4344 2497 4414 speciosa
2526 4345 2759 4401 videtur
2785 4349 2864 4413 (8)

1306 4427 1519 4483 Debilis
1544 4429 1605 4483 in
1633 4429 1797 4485 nulla
1828 4431 2238 4487 membrorum
2269 4437 2435 4503 parte
2461 4433 2680 4488 videris
2710 4453 2722 4500 ;

1304 4516 1588 4580 Quamvis
1613 4518 1769 4573 mole
1799 4519 2016 4589 gravis,
2050 4524 2250 4575 tamen
2280 4535 2343 4573 es
2373 4536 2512 4575 cum
2540 4522 2756 4578 robore
2783 4522 2948 4579 levis.

1306 4607 1556 4661 Laetatur
1582 4607 1820 4678 vulgus,
1850 4608 2114 4677 gaudent
2144 4608 2322 4663 etiam
2354 4610 2671 4682 sapientes.

1301 4694 1558 4750 Plurima
1584 4696 1699 4751 sub
1726 4695 1981 4767 pedibus
2007 4696 2108 4751 tibi
2133 4696 2305 4752 fortia
2332 4712 2517 4766 regna
2543 4698 2772 4769 jugavit
2797 4699 2891 4769 (9).

1170 4784 1262 4839 20.
1304 4783 1455 4849 Quid
1485 4784 1749 4856 quereris
1772 4787 1799 4838 Ρ
1827 4783 1979 4849 Quid
2008 4784 2353 4840 fraudavit?
2384 4786 2536 4851 Quid
2565 4787 2759 4842 dicere
2790 4804 3024 4845 mussas
3043 4790 3073 4845 ?

1303 4873 1471 4935 Quod
1499 4889 1685 4943 genus
1711 4872 1975 4928 attribuit
1997 4873 2220 4929 dirimit
2247 4890 2369 4929 non
2399 4875 2519 4930 ulla
2537 4876 2833 4944 voluntas,

1302 4964 1626 5018 Stemmata
1655 4961 1946 5017 nobilium
1976 4961 2348 5018 descendunt
2376 4965 2667 5035 sanguine
2694 4981 2924 5033 regum.

1124 5052 1260 5105 Rex.
1301 5051 1558 5119 Regibus
1585 5056 1641 5105 et
1664 5050 1918 5105 ducibus
1948 5050 2110 5106 bona
2133 5052 2264 5106 laus
2290 5057 2396 5122 est,
2425 5053 2640 5107 nobilis
2670 5059 2851 5110 ortus.

1300 5143 1380 5195 De
1410 5139 1605 5196 forma
1634 5139 1775 5194 satis
1804 5144 1895 5194 est
1918 5144 1974 5194 et
2002 5139 2075 5195 de
2105 5140 2315 5197 virtute
2341 5141 2627 5199 locutum.

1169 5232 1257 5286 25.
1298 5232 1400 5284 Est
1426 5227 1640 5282 animae
1668 5228 1853 5284 virtus
1884 5228 2077 5300 potior
2102 5245 2289 5303 quam
2319 5231 2584 5303 corporis
2618 5231 2759 5287 ulla.

1198 5318 1259 5374 P.
1301 5313 1543 5372 Dicendi
1569 5315 1827 5389 spatium
1854 5318 2138 5390 petimus,
2176 5318 2381 5387 modo,
2414 5318 2615 5393 nilque
2644 5335 2923 5394 reponas.

1296 5408 1445 5462 Pace
1475 5409 1595 5474 tua,
1627 5406 1722 5479 pie
1751 5423 1874 5474 rex,
1919 5424 2055 5479 quise
2086 5412 2224 5464 sunt
2246 5406 2501 5464 dicenda
2529 5425 2888 5481 precamur;

1297 5495 1376 5549 Ne
1406 5509 1677 5565 spernas,
1706 5495 1767 5550 in
1793 5511 1889 5551 me
1916 5496 2060 5567 quia
2087 5496 2317 5552 viscera
2347 5501 2850 5553 contremuerunt.

1295 5582 1501 5639 Multas
1527 5599 1628 5639 cor
1650 5600 1910 5640 maerens
1934 5584 2252 5658 lacrymas,
2286 5586 2537 5658 suspiria
2568 5586 2767 5660 prodit

1170 5668 1260 5727 30.
1299 5672 1377 5730 0s
1408 5671 1750 5743 tremulum,
1779 5670 2003 5732 faciens
2031 5672 2238 5733 suﬂ‘ert
2258 5689 2368 5733 nec
2393 5672 2588 5733 dicere
2615 5674 2830 5749 crispa.
