3878 6382
8 259 12 268 ’
89 301 180 354 773

771 801 858 855 35.

777 1268 864 1319 40.

780 1731 866 1783 45.

780 2194 866 2244 50.

782 2660 868 2710 55.

783 3131 870 3182 60.

1236 301 1525 362 CARMEN
1554 304 1644 357 AD
1683 303 2055 360 ROBERTUM
2086 305 2340 362 REGEM.

902 426 1273 498 tiorporishic
1307 427 1526 490 vultus,
1550 428 1880 483 moderatio
1911 429 2094 484 nulla.

899 515 1175 569 Versibus
1205 515 1433 580 exiguis
1466 520 1693 571 tantum
1729 517 1966 572 tentabo
1997 517 2287 573 dolorem.

904 605 1131 675 Scripta
1158 610 1361 676 patent
1393 605 1652 659 celebres
1683 623 1817 676 quae
1850 606 2090 661 mittunt
2119 607 2468 663 Crotoniatae
2502 608 2630 679 (10).

904 697 1164 766 Desuper
1192 699 1279 749 est
1306 695 1526 761 titulus,
1561 695 1653 760 lex
1685 696 2127 767 antiquissima,
2157 697 2412 769 scriptus
2447 717 2459 765 ;

902 803 1250 873 Praecipiunt
1279 803 1338 856 vi
1367 807 1617 869 cogatur
1645 804 1811 874 quod
1844 809 2055 876 sponte
2087 810 2340 874 negatur
2368 823 2380 859 :

903 893 970 944 Ut
996 891 1190 961 placet
1213 891 1485 962 imperio,
1516 892 1595 945 sic
1629 908 1689 946 se
1720 893 2099 948 transformet
2128 899 2184 948 et
2212 894 2382 949 ordo.

903 979 1173 1033 Rusticus
1198 980 1291 1034 ille
1318 981 1502 1051 piger,
1532 980 1818 1036 deformis
1849 987 1905 1036 et
1930 981 2195 1053 undique
2227 983 2414 1053 turpis
2444 983 2556 1054 (11)

903 1069 1153 1123 Pulchra
1185 1085 1322 1123 cum
1354 1069 1606 1138 gemmis
1638 1069 1855 1124 ditetur
1887 1070 2046 1125 mille
2078 1087 2319 1126 corona.

904 1159 1055 1212 Juris
1086 1158 1360 1213 custodes
1392 1164 1613 1228 cogunt
1642 1163 1880 1230 portare
1912 1159 2178 1214 cucullas
2211 1163 2348 1229 (-12),

908 1267 1097 1320 Orent
1138 1264 1437 1328 inclinent,
1468 1270 1723 1332 taceant,
1753 1265 2069 1337 vultusque
2107 1270 2421 1338 reponant.

907 1354 1056 1408 Nudi
1086 1353 1396 1424 pontiﬁces
1422 1359 1687 1408 aratrum
1720 1354 1845 1408 sine
1873 1353 1990 1409 ﬁne
2019 1361 2347 1426 sequantur
2375 1357 2487 1424 (13)

906 1443 1183 1497 Carmina
1213 1459 1352 1496 cum
1383 1442 1621 1497 stimulo
1651 1443 1826 1514 primi
1858 1445 2158 1499 cantando
2189 1444 2468 1515 parentis.

907 1531 1182 1585 PI‘tBSUllS
1214 1536 1268 1585 et
1299 1531 1348 1584 si
1379 1531 1522 1585 forte
1553 1536 1724 1586 vacet
1751 1531 1918 1586 locus
1947 1533 2371 1588 intronizentur
2399 1535 2508 1605 (14)

909 1624 1176 1674 Pastores
1207 1619 1428 1685 ovium,
1461 1624 1677 1688 nautae,
1709 1619 2051 1693 quicunque
2082 1622 2154 1676 sit
2179 1621 2296 1677 ille.

909 1727 987 1781 Sit
1015 1733 1216 1782 tamen
1248 1727 1360 1781 hoc
1391 1726 1714 1798 praesubtili
1744 1727 1971 1782 ratione
2007 1728 2370 1782 canendum.

909 1815 1111 1871 Nullus
1143 1815 1516 1886 episcopium
1548 1815 1752 1870 divina
1779 1815 1908 1884 lege
1941 1816 2163 1887 peritus

911 1903 1156 1969 Tendet,
1187 1904 1294 1958 sed
1326 1904 1508 1958 sacris
1537 1904 1850 1976 Scripturis
1879 1910 2224 1974 evacuatus,

911 1996 974 2048 Et
1004 1993 1210 2048 studiis
1236 2009 1419 2065 puem
1449 2009 1556 2048 nec
1589 1994 2004 2049 constrinxerit
2034 2011 2154 2050 una
2179 1994 2414 2050 dierum
2445 1995 2554 2066 (15)
2583 2014 2595 2063 ;

909 2082 1305 2155 Alphabetum
1336 2082 1548 2154 sapiat,
1581 2082 1767 2151 digito
1801 2087 2030 2138 tantum
2062 2100 2380 2140 numerare
2413 2085 2545 2155 (16).

910 2189 976 2243 Hi
1002 2204 1276 2261 proceres
1306 2206 1319 2255 ;
1348 2194 1745 2261 praeceptores
1773 2189 1884 2244 hos
1917 2190 2184 2245 mundus
2212 2191 2422 2246 adoret
2450 2191 2582 2262 (17).

913 2283 974 2334 Et
996 2280 1163 2349 juvet
1189 2283 1251 2334 ut
1281 2278 1541 2334 celebres
1573 2295 1681 2333 nec
1707 2294 1876 2348 reges
1907 2279 2297 2350 excipiantur.

907 2369 1259 2440 Praecipiunt
1289 2384 1512 2434 coram,
1546 2367 1651 2421 sed
1681 2366 1835 2421 clam
1861 2384 1999 2422 cum
2032 2367 2241 2423 fraude
2268 2372 2600 2424 susurrant.

918 2457 1138 2523 Regula
1170 2458 1214 2511 si
1249 2456 1476 2511 stabilis
1505 2455 1712 2510 divum
1742 2455 2137 2526 permanserit
2168 2455 2279 2511 ista
2311 2456 2438 2527 (18),

913 2546 1252 2617 Disciplina,
1286 2545 1474 2615 vigor,
1507 2545 1713 2615 virtus,
1746 2561 1886 2600 mox
1918 2548 1974 2599 et
2001 2544 2181 2599 decor
2211 2544 2406 2600 omnis

911 2652 1183 2707 Ecclesiae
1215 2652 1389 2721 fugor
1417 2667 1612 2722 pauco
1642 2651 1755 2705 sub
1785 2655 2055 2722 tempore
2085 2655 2301 2720 verget.

912 2741 1156 2796 Publica
1185 2757 1277 2795 res
1306 2756 1441 2811 quae
1474 2740 1574 2802 sic,
1607 2739 1784 2811 plane
1815 2740 1917 2807 sic,
1949 2739 2204 2806 ducitur,
2235 2756 2406 2812 aeque

912 2830 1162 2899 Legibus
1191 2829 1495 2885 exstinctis
1524 2829 1585 2883 in
1615 2845 1761 2901 pace
1794 2829 2026 2900 sepulta
2054 2829 2322 2901 quiescet
2346 2829 2482 2900 (19).

912 2923 1107 2975 Luxus
1140 2924 1197 2974 et
1224 2919 1504 2984 incestus,
1541 2919 1764 2973 furtum
1795 2923 1934 2973 tunc
1965 2917 2215 2973 crimina
2246 2918 2509 2974 stabunt.

913 3011 1172 3065 Libertas
1197 3008 1604 3080 delinquendi,
1640 3013 1779 3063 tunc
1804 3008 2055 3064 crimina
2082 3007 2325 3064 stabunt

913 3125 1321 3180 Excluduntur
1344 3129 1401 3179 et
1427 3123 1483 3180 hi
1513 3141 1665 3195 quos
1697 3123 1823 3179 sola
1855 3124 2097 3179 scientia
2128 3124 2310 3179 comit
2336 3124 2467 3194 (20),

913 3215 1117 3269 Christi
1150 3229 1492 3278 conservos,
1527 3218 1582 3268 et
1609 3228 1763 3288 quos
1793 3213 2084 3284 sapientia
2109 3213 2310 3281 nutrit,

913 3308 976 3359 Et
1000 3304 1220 3376 quibus
1251 3309 1544 3375 apparent
1573 3302 2002 3357 introductoria
2035 3317 2196 3356 sanae

911 3392 1219 3460 Doctrinae,
1248 3409 1383 3464 quae
1413 3391 1711 3463 depromit
1742 3395 1882 3462 post
1909 3395 2074 3458 terga
2100 3389 2375 3446 cicatrix:

828 3493 837 3502 ‘
913 3484 1103 3536 Sacrae
1136 3481 1184 3535 si
1213 3497 1472 3550 magnus
1503 3480 1641 3534 ﬁdei
1668 3479 1921 3533 surrexit
1949 3494 2133 3548 error,

784 3604 870 3654 65.

792 5015 879 5066 80.

793 5487 880 5539 85.

915 3596 1087 3651 Omni
1115 3610 1367 3648 censura
1397 3598 1723 3648 conventus
1758 3593 1876 3647 sint
1905 3592 2100 3646 alieni.

911 3684 1192 3738 Consultu
1228 3684 1382 3749 regis
1411 3683 1473 3737 hi
1499 3682 1899 3753 praecidantur
1926 3681 2002 3735 ab
2033 3681 2198 3735 omni
2230 3682 2358 3751 (sic)

913 3773 1201 3830 Omnibus
1228 3771 1480 3840 egressis
1508 3771 1840 3825 thalamum
1869 3774 2006 3841 post
2029 3771 2180 3824 ostia
2211 3776 2450 3826 servent
2483 3775 2596 3844 (21)

915 3867 1030 3918 Iloc
1062 3862 1256 3916 solum
1282 3861 1456 3915 rutilo
1488 3864 1853 3932 przeceptum
1885 3859 2157 3914 scribitur
2184 3875 2352 3927 auro,

911 3955 980 4008 Ut
1005 3955 1356 4024 procurator
1380 3949 1557 4018 regis,
1594 3949 1904 4004 mundana
1931 3948 2277 4004 ministrans
2308 3951 2444 4020 (2‘2),

862 4113 873 4124 .
915 4068 995 4123 Sit
1025 4067 1209 4139 piger,
1244 4066 1517 4136 ignavus,
1551 4065 1790 4120 modica
1815 4065 2026 4120 virtute
2056 4065 2338 4137 repletus.

915 4157 1015 4211 Hic
1044 4156 1237 4211 aliena
1267 4161 1448 4226 petat,
1477 4159 1702 4226 repetat
1732 4170 1842 4209 sua
1872 4155 1953 4209 nil
1983 4155 2320 4222 tribuendo,

916 4246 1218 4315 lﬂtjugiter
1249 4249 1492 4299 maneat
1518 4244 1742 4298 divisus
1777 4249 1931 4298 sorte
1958 4244 2146 4313 jugali
2178 4247 2327 4314 (.3):

917 4334 981 4389 Ni
1011 4334 1164 4403 regis
1194 4334 1574 4405 hmredipetre
1605 4349 1726 4387 non
1758 4349 1893 4405 spes
1925 4333 2036 4387 sibi
2065 4337 2292 4388 constet
2322 4334 2455 4404 (24).

918 4426 1016 4477 Est
1045 4422 1290 4495 antiqua
1312 4427 1574 4494 patrum,
1609 4422 1850 4476 tradunt
1879 4437 2018 4476 cum
2045 4426 2230 4486 sueta,
2263 4420 2561 4490 voluntas,

863 4582 873 4593 .
921 4542 988 4594 Ut
1017 4539 1182 4607 casti,
1217 4537 1399 4592 sobrii
1431 4537 1545 4592 sint
1574 4537 1849 4592 custodes
1881 4536 2304 4590 thalamorum.

919 4629 1028 4694 Qui
1058 4628 1243 4683 nescit
1272 4627 1515 4694 molere,
1546 4627 1670 4693 regi
1705 4627 1780 4681 sit
1810 4625 2042 4680 charior
2071 4625 2164 4679 ille
2189 4643 2201 4678 :

919 4717 1164 4772 Caesaris
1190 4716 1280 4770 his
1311 4716 1541 4784 majora
1566 4715 1738 4784 jubet
1765 4714 2082 4785 descriptio
2115 4713 2305 4781 Magni
2335 4714 2448 4783 (25)

916 4805 1111 4858 Deviet
1138 4802 1230 4857 ille
1259 4819 1424 4856 sacer
1449 4802 1522 4857 de
1555 4803 1692 4858 sedc
1719 4801 2086 4857 monasticus
2115 4801 2263 4856 ordo
2289 4819 2303 4856 :

921 4897 1138 4949 Uxores
1169 4892 1393 4946 ducant
1421 4891 1723 4963 pulchras,
1755 4895 1809 4947 et
1833 4890 2038 4964 praelia
2065 4894 2303 4946 tentent.

921 5009 1173 5064 Territus
1204 5007 1430 5074 edictis,
1461 5007 1760 5063 meditans
1789 5023 1912 5079 quo
1940 5007 2178 5062 tendere
2210 5022 2451 5078 possem

918 5101 1212 5169 (Rectores
1243 5112 1441 5151 rerum
1472 5095 1666 5167 placet
1695 5096 1982 5151 accersire
2012 5111 2287 5150 mearum
2320 5097 2484 5166 (26).)

920 5187 1150 5253 Omnia,
1188 5185 1448 5255 singultu
1478 5189 1680 5254 guttur
1709 5185 2030 5257 quatiente,
2061 5184 2305 5252 revolvi,

922 5277 1173 5346 Legibus
1200 5293 1230 5332 e
1261 5275 1463 5349 patriis
1489 5274 1738 5330 credens
1769 5274 2016 5330 omnino
2041 5278 2291 5339 remota,

920 5367 1126 5423 Priscis
1154 5365 1521 5439 temporibus
1546 5365 1690 5437 quia
1719 5380 1842 5420 non
1869 5364 2074 5420 audita
2101 5363 2359 5431 fuerunt,

924 5484 1138 5539 Usibus
1170 5483 1429 5555 exceptis
1459 5480 1943 5554 procuratoribus
1979 5481 2132 5552 aptis

923 5573 1138 5628 Mittere
1167 5576 1514 5644 proponunt
1541 5588 1682 5626 mox
1712 5570 2018 5642 explorare
2052 5568 2405 5637 magistrum
2434 5583 2447 5621 :

923 5661 1109 5718 Gallia
1138 5662 1248 5717 fert
1275 5663 1606 5718 monachos
1634 5677 1788 5734 quos
1816 5663 2056 5717 Patrum
2084 5657 2292 5728 regula
2319 5655 2520 5713 nutrit.

3388 309 3495 364 7⁸74
