3980 6394
455 294 560 345 7⁸75
1541 301 2032 357 ADALBERONIS
2064 299 2377 357 EPISCOPI
2420 300 2806 358 LAUDENSIS
3796 305 3899 358 776

1277 422 1367 477 Ad
1398 424 1732 480 monachos
1767 426 2106 481 monachus
2139 424 2684 483 transmittatur.....

1277 512 1377 567 Hic
1410 513 1670 585 sapiens,
1703 515 1799 570 hic
1830 520 1917 570 est
1942 514 2147 579 solers,
2179 514 2487 587 verboque
2517 514 2708 571 ﬁdelis
2734 534 2746 582 ;

1146 623 1235 675 90.
1281 618 1392 685 Qui
1419 619 1627 675 solitus
1659 638 1896 694 semper
1924 622 2086 693 leges
2118 637 2354 677 servare
2381 626 2663 694 paternas

1278 709 1530 764 Flectere
1563 710 1669 765 scit
1698 711 1965 783 prudens
1997 710 2305 765 animosos
2335 711 2411 767 ad
2442 710 2743 784 pietatem.

1275 798 1603 854 Consilium
1635 806 1878 855 cautum
1910 800 2179 872 sequitur
2207 801 2350 870 (non
2382 806 2470 855 est
2498 802 2691 873 mora)
2724 801 2969 858 factum.

1273 889 1525 959 Vespere
1556 890 1954 961 progreditur.
1988 894 2115 944 tum
2144 905 2323 944 mane
2352 890 2662 945 revertitur
2690 890 2768 946 ad
2799 907 2931 959 nos,

1276 981 1340 1033 Et
1368 978 1618 1034 festinus
1648 979 1787 1051 equi
1818 979 2165 1052 spumantia
2197 979 2349 1035 colla
2380 979 2634 1052 reliquit.

1140 1090 1230 1142 95.
1276 1087 1425 1152 Quo,
1455 1102 1599 1157 quo,
1628 1102 1771 1158 quo,
1800 1086 2041 1158 prtesul,
2073 1086 2238 1142 bona
2263 1086 2482 1151 nutrix,
2513 1088 2664 1142 heus
2691 1089 2703 1142 Ι
2738 1103 2909 1160 puer,
2940 1090 3140 1145 uxor?

1273 1177 1372 1229 Est
1398 1175 1855 1246 incompositus,
1890 1177 2082 1248 posita
2101 1180 2234 1246 jam
2266 1181 2428 1230 veste
2461 1176 2676 1247 priore.

1272 1262 1466 1317 Pileus
1492 1263 1761 1318 excelsus
1790 1264 1865 1319 de
1896 1263 2048 1336 pelle
2084 1263 2402 1335 Libystidis
2437 1280 2591 1319 ursae
2623 1265 2733 1336 (27)
2761 1283 2774 1332 ;

1272 1355 1337 1407 Et
1360 1352 1540 1407 vestis
1565 1369 1810 1408 crurum
1843 1357 2013 1409 tenus
2045 1358 2132 1408 est
2161 1357 2391 1408 curiata
2416 1353 2618 1409 talaris
2650 1354 2786 1425 (28),

1269 1440 1534 1496 Finditur
1563 1441 1847 1508 anterius,
1880 1458 1990 1497 nec
2016 1440 2208 1514 parcit
2235 1441 2568 1513 posteriori.

1104 1553 1226 1605 100.
1272 1547 1372 1604 Ilia
1397 1548 1719 1613 baldringo
1749 1548 1931 1619 cingit
1961 1548 2332 1603 strictissima
2357 1547 2517 1619 picto
2544 1549 2678 1620 (29).

1267 1636 1612 1709 Multiplices
1639 1641 1696 1693 et
1724 1653 1818 1692 res
1848 1637 2046 1692 multae
2074 1653 2181 1709 per
2207 1635 2448 1706 cingula
2476 1637 2743 1709 pendent
2767 1656 2779 1705 ;

1265 1730 1451 1781 Arcus
1482 1743 1620 1782 cum
1652 1726 1954 1799 pharetra,
1987 1726 2244 1798 forceps,
2278 1730 2335 1781 et
2363 1725 2634 1793 malleus,
2669 1726 2831 1782 ensis

1264 1815 1613 1888 lgnitusque
1644 1815 1809 1885 silex,
1842 1815 2066 1870 ferrum
2095 1817 2392 1888 quatiens,
2428 1814 2607 1870 simul
2631 1814 2768 1886 ilex,

1266 1905 1413 1960 Ossa
1436 1903 1814 1976 superﬁciem
1845 1903 2075 1973 stringit
2102 1903 2325 1959 diffusa
2346 1903 2631 1959 deorsum
2660 1904 2795 1976 (30).

1102 2016 1221 2067 105.
1268 2009 1525 2067 Saltibus
1555 2009 1839 2065 incedens
1872 2010 2111 2079 (terram
2143 2009 2359 2065 calcari
2389 2014 2670 2081 pungunt
2697 2010 2844 2081 (3t):

1265 2098 1453 2171 Coepit
1484 2115 1724 2154 summa
1749 2098 1973 2171 pedum
2005 2114 2145 2153 cum
2175 2098 2342 2153 tortis
2372 2098 2613 2153 tendere
2642 2098 2847 2154 rostris
2878 2100 3014 2171 (32).

1264 2186 1618 2256 Ingreditur,
1651 2187 1775 2242 noti
1806 2187 2014 2242 fratres
2044 2202 2227 2258 quem
2256 2202 2434 2241 nosse
2462 2186 2744 2242 laborant
2769 2187 2905 2258 (33).

1262 2278 1636 2332 Concurrunt
1666 2276 1844 2342 cives,
1874 2280 1931 2331 et
1957 2275 2127 2345 larga
2153 2275 2375 2348 palatia
2404 2276 2727 2347 complent.

1264 2365 1609 2420 Pontiﬁcem
1640 2365 1722 2419 sic
1749 2364 2033 2420 deformis
2061 2369 2203 2421 tunc
2235 2364 2456 2420 sistitur
2477 2370 2634 2421 ante.

1104 2478 1224 2530 110.
1267 2476 1417 2528 Esne
1446 2486 1618 2527 meus
1647 2471 2004 2535 monachus,
2032 2476 2115 2541 tu,
2144 2487 2328 2544 quem
2358 2471 2493 2526 misi
2515 2471 2633 2526 7....

1258 2565 1494 2632 Pugnos
1525 2561 1802 2627 declinat,
1833 2561 2067 2616 cubitos
2098 2559 2363 2616 extendit
2397 2559 2458 2615 in
2484 2560 2677 2616 altum
2708 2578 2720 2615 :

1258 2650 1451 2705 Erexit
1479 2649 1702 2717 cilium,
1736 2652 2022 2721 torquens
2053 2664 2193 2703 cum
2221 2647 2447 2703 lumine
2479 2647 2721 2703 collum.

1256 2739 1412 2796 Miles
1437 2753 1622 2807 nunc,
1651 2738 1987 2793 monachus
2018 2737 2259 2792 diverso
2293 2752 2460 2792 more
2491 2736 2752 2792 manebo
2784 2736 2916 2808 (34).

1254 2833 1382 2885 Non
1415 2843 1526 2897 ego
1554 2844 1691 2882 sum
1718 2828 2073 2893 monachus,
2104 2827 2276 2897 jussu
2308 2826 2409 2881 sed
2442 2825 2630 2882 milito
2657 2826 2833 2896 regis.

1092 2940 1211 2991 115.
1254 2939 1403 2991 Nam
1428 2933 1711 2989 dominus
1742 2949 1913 2988 meus
1944 2937 2032 2987 est
2059 2948 2163 2987 rex
2194 2932 2421 3004 Oydelo
2452 2932 2875 2989 Cluniacensis.

1146 3027 1211 3079 Β.
1252 3027 1413 3080 Tunc
1445 3029 1579 3079 cata
1612 3029 1669 3078 to
1703 3024 2083 3092 siopomenon
2124 3037 2372 3077 causam
2404 3022 2711 3078 meditaris
2738 3025 2853 3094 (35)
2876 3027 2905 3078 Ῡ

1252 3117 1314 3168 In
1346 3113 1555 3169 studiis
1582 3111 1829 3167 memini
1858 3112 2193 3167 formarum
2222 3127 2403 3167 nosse
2434 3113 2680 3181 figuras.

1157 3203 1212 3257 P.
1254 3204 1383 3257 Non
1409 3205 1510 3257 tua
1540 3199 1866 3273 praepediat
1896 3215 1998 3255 eos
2027 3198 2360 3270 indignatio
2391 3198 2623 3254 fervens
2654 3201 2788 3272 (36).

1250 3293 1617 3362 Praeceptum
1644 3288 1879 3344 Domini
1907 3288 2080 3344 liceat
2108 3304 2248 3343 cum
2272 3304 2421 3361 pace
2453 3288 2691 3357 referre,

1088 3410 1207 3463 120.
1253 3409 1426 3464 Sarra
1452 3406 1631 3461 nimis
1665 3421 1834 3475 gens,
1867 3421 2155 3460 cenorum
2180 3404 2255 3461 de
2288 3421 2476 3472 more,
2506 3405 2745 3478 petulca
2775 3407 2911 3477 (37),

1246 3499 1519 3567 Regnum
1548 3498 1910 3550 Francorum
1939 3494 2223 3550 manibus
2253 3495 2529 3567 ferroque
2562 3495 2880 3552 subactum

1247 3588 1514 3656 Occupat
1542 3587 1599 3639 et
1625 3583 1783 3639 rodit
1805 3583 2103 3655 quidquid
2135 3583 2248 3639 sibi
2280 3583 2463 3639 Gallia
2491 3584 2691 3640 nutrit.

1247 3674 1517 3746 Undique
1547 3677 1702 3728 terra
1732 3672 1924 3739 rubet,
1956 3688 2130 3728 roseo
2158 3672 2498 3729 madefacta
2528 3672 2779 3746 liquore.

1245 3761 1547 3832 Sanguine
1574 3766 1863 3817 torrentes
1890 3760 2076 3817 nimia
2106 3760 2180 3816 de
2212 3761 2373 3817 caede
2400 3761 2762 3830 redundant,

1081 3884 1201 3936 125.
1243 3878 1514 3935 Ecclesiae
1541 3878 1733 3945 labor,
1766 3877 2011 3934 interius
2042 3878 2226 3933 decus
2253 3894 2432 3934 omne
2461 3877 2749 3947 dicatum,

1241 3971 1503 4040 Corpora
1532 3971 1876 4022 sanctorum
1906 3966 2155 4023 volitant
2184 3983 2510 4039 conspersa
2536 3983 2642 4040 per
2674 3984 2874 4026 auras.

1243 4058 1388 4113 Sunt
1416 4055 1641 4125 avium,
1672 4059 1812 4110 sunt
1831 4056 1961 4125 jam
1992 4056 2291 4111 consortia
2320 4056 2476 4111 facta
2501 4056 2785 4129 luporum
2818 4059 2954 4129 (38).

1236 4149 1439 4201 Vastat
1466 4145 1842 4218 episcopium
1873 4161 2013 4201 cum
2042 4150 2237 4215 strage
2266 4145 2703 4202 Turoniacense
2735 4146 2867 4219 (39).

1236 4234 1516 4291 Martinus
1540 4234 1755 4307 plorat,
1786 4238 2041 4290 tutorem
2070 4234 2337 4291 clamitat
2364 4234 2527 4289 idem
2558 4236 2690 4307 (40).

1074 4356 1194 4409 130.
1238 4351 1464 4422 Oydelo
1496 4352 1874 4425 compatitur,
1904 4352 2078 4407 simili
2102 4352 2206 4425 qui
2229 4352 2363 4423 jure
2390 4356 2641 4408 tenetur.

1234 4440 1339 4496 Hic
1368 4444 1620 4496 Romam
1650 4441 1814 4513 petiit
1839 4440 2154 4496 monachis
2183 4456 2354 4496 orare
2386 4439 2643 4496 salutem
2673 4442 2806 4513 (41).

1235 4530 1656 4587 Conscendunt
1678 4547 1882 4601 voces,
1912 4530 2218 4586 fremitum
2242 4530 2389 4586 dant
2418 4529 2837 4588 Cluniacenses
2867 4532 2979 4603 (42)
3006 4550 3019 4590 :

1233 4620 1507 4677 Clamant
1535 4624 1713 4693 atque
1741 4624 1990 4675 monent
2016 4637 2029 4673 :
2066 4618 2273 4676 Subito
2302 4619 2580 4692 dispone,
2610 4621 2923 4695 magister,

1226 4713 1409 4766 Arma
1438 4710 1636 4765 subire
1662 4710 1797 4777 tuis,
1831 4714 1889 4765 et
1914 4724 2050 4782 quae
2078 4724 2360 4781 praepone
2384 4708 2608 4766 debent
2632 4726 2645 4765 :

1067 4833 1187 4885 l35.
1230 4829 1371 4893 Quae
1404 4825 1518 4882 sint
1549 4826 1826 4896 exterius,
1858 4830 1915 4882 et
1942 4841 2079 4898 quae
2107 4825 2224 4881 sint
2250 4824 2550 4882 interiora.

1228 4913 1475 4971 Lunaris
1505 4913 1766 4986 pendere
1795 4913 1964 4986 prius
1992 4913 2172 4969 debet
2199 4917 2302 4969 tua
2330 4913 2490 4986 pelta
2522 4914 2628 4986 (43)
2663 4931 2676 4983 ;

1228 5006 1477 5075 Insuper
1507 5017 1785 5074 apponas
1815 5000 1918 5057 tibi
1948 5000 2320 5074 loricamque
2349 5000 2622 5057 trilicem.

1227 5091 1479 5148 Lubrica
1510 5092 1841 5148 sustineant
1871 5090 2106 5161 galeam
2130 5090 2414 5147 cinctoria
2438 5091 2629 5147 lumbi
2662 5092 2770 5163 (44)
2805 5112 2818 5150 :

1223 5181 1501 5251 Corrigiis
1526 5186 1708 5253 caput
1737 5181 2044 5237 astrictum
2076 5197 2365 5238 mucrone
2397 5197 2649 5238 corones
2679 5200 2691 5235 :

1060 5300 1180 5353 t4).
1226 5296 1463 5369 Spicula
1489 5301 1626 5369 post
1655 5300 1889 5365 tergum
1917 5299 2143 5363 teneas,
2177 5299 2317 5351 tunc
2348 5295 2630 5352 dentibus
2662 5312 2890 5366 ensem,

1221 5387 1287 5440 Et
1316 5385 1474 5454 cogit
1498 5386 1749 5455 juvenes
1780 5384 1971 5440 lentos
2001 5384 2322 5440 ascendere
2354 5400 2564 5440 currus
2591 5386 2724 5457 (45),

1221 5477 1409 5545 Atque
1437 5490 1648 5528 senum
1679 5474 1960 5546 praecepit
1985 5489 2173 5545 equos
2204 5474 2607 5529 conscendere
2638 5475 2901 5544 turbam,

1223 5562 1561 5617 Ascendant
1589 5563 1826 5617 asinum
1858 5562 2001 5629 bini,
2034 5562 2293 5633 denique
2326 5563 2621 5617 camelum
2653 5564 2763 5633 (46)
2789 5583 2801 5620 :

1224 5648 1280 5703 Si
1306 5666 1427 5705 non
1460 5651 1781 5720 sufﬁciunt,
1814 5651 2108 5708 bubalum
2135 5652 2515 5707 conscendite
2549 5652 2715 5708 terni.
