3878 6402
64 261 173 313 777

1238 277 1519 332 CARMEN
1561 278 1657 332 AD
1689 278 2062 338 ROBERTUM
2096 282 2351 341 REGEM.

758 411 875 465 145.
903 412 1073 469 Millia
1103 416 1262 473 mille
1291 420 1401 477 viri
1428 424 1766 495 procedunt
1795 428 1933 480 ante
1962 425 2205 498 quirites
2239 428 2369 499 (47).

893 504 1003 557 Res
1030 506 1225 573 agitur
1256 509 1410 568 ferro
1442 515 1621 570 ternis
1646 514 1879 587 prolata
1908 515 2120 572 diebus
2150 518 2280 590 (48).

895 590 1144 683 Signifer
1172 597 1232 653 in
1262 602 1463 658 medio
1491 619 1784 676 properus
1817 620 1941 660 non
1972 610 2212 678 stertere
2248 608 2401 683 ccepi
2432 609 2542 681 (49)
2575 628 2587 665 :

892 680 1136 739 Dissutis
1163 688 1358 757 malis,
1380 690 1593 748 ﬂatum
1619 693 1953 765 pugnando
1978 695 2174 766 rejeci.

886 771 1113 841 Nescio,
1136 791 1244 846 per
1273 795 1542 853 superos,
1576 782 1858 839 manibus
1889 788 2037 856 quot
2063 784 2251 842 millia
2285 787 2488 855 stravi,

727 894 847 947 150.
886 896 1111 967 Jupiter
1138 900 1233 957 ille
1264 904 1417 961 duos
1447 912 1727 963 numerat
1754 908 1999 965 meliore
2030 910 2255 983 lapillo.

724 1368 843 1420 155.

723 1850 840 1901 160.

717 2320 836 2371 165.

761 2408 826 2460 Β.

770 2673 833 2725 Ρ.

717 2793 835 2844 170.

714 3272 833 3322 175.

711 3753 830 3805 180.

754 3926 823 3981 R.

892 986 1114 1042 Tertius
1140 990 1242 1047 ille
1263 993 1377 1050 deo
1406 997 1569 1052 Marti
1598 1013 1722 1053 non
1751 998 1856 1054 rite
1887 998 2139 1055 dicatur.

888 1075 1145 1148 Cuspide
1178 1085 1377 1138 trusus
1407 1101 1587 1158 equo,
1618 1087 1901 1143 vexillum
1933 1092 2103 1161 turpe
2138 1089 2373 1163 reliqui.

887 1166 1034 1220 Cum
1062 1168 1302 1242 reliquis
1328 1172 1582 1243 fugiens,
1614 1176 1893 1245 genitalia
1924 1193 2110 1248 regna
2135 1180 2331 1251 petivi,

888 1254 1018 1310 Heec
1047 1263 1282 1329 patrata
1314 1263 1468 1318 scias
1498 1263 1558 1319 in
1581 1264 1777 1336 prima
1805 1265 1937 1321 luce
1966 1267 2307 1324 Decembris
2335 1271 2465 1343 (50).

887 1368 1008 1425 Hoc
1037 1371 1243 1430 itidem
1272 1378 1465 1433 Martis
1497 1379 1820 1435 tentabitur
1848 1385 1984 1436 ante
2014 1381 2339 1440 Kalendas.

885 1458 1093 1516 Militiae
1122 1463 1401 1537 princeps
1434 1466 1513 1522 ad
1544 1471 1598 1522 te
1628 1483 1739 1523 nos
1770 1469 1995 1540 Oydelo
2023 1471 2198 1527 mittit
2228 1472 2363 1545 (51).

875 1548 948 1601 Te
974 1549 1291 1607 dominum
1321 1555 1760 1612 monachorum
1787 1556 2036 1613 bellicus
2066 1560 2215 1615 ordo
2247 1560 2467 1619 salutat
2493 1582 2507 1632 ;

882 1640 1180 1696 Admonet
1207 1641 1466 1698 invitans
1498 1644 1657 1700 acies
1686 1650 1750 1701 ut
1775 1645 1933 1702 bella
1957 1663 2243 1719 perornes

881 1729 1133 1799 Agmine
1162 1736 1488 1803 conceptus
1514 1750 1527 1800 ;
1559 1734 1917 1790 mandatum
1948 1737 2217 1793 concitus
2248 1738 2430 1813 imple
2464 1744 2596 1815 (52).

882 1845 1077 1900 Armis
1106 1850 1161 1901 te
1187 1846 1357 1903 decet
1386 1854 1523 1905 ante
1549 1850 1701 1905 mori
1731 1867 1919 1923 quam
1946 1869 2087 1909 rura
2118 1855 2389 1913 colendo.

882 1935 1095 1991 Mittere
1125 1936 1455 2007 perplures,
1484 1954 1671 2010 quam
1703 1939 1943 1996 frondes
1974 1942 2109 1999 Asia
2143 1946 2401 2017 spondet
2426 1948 2558 2020 (53),

880 2024 1075 2079 Africa
1097 2024 1289 2094 nigra,
1322 2026 1506 2081 maris
1534 2026 1773 2083 bibulas
1802 2046 1987 2102 quam
2014 2031 2174 2088 littus
2205 2050 2438 2105 arenas,

880 2114 1020 2167 Pars
1051 2115 1287 2183 Europa
1312 2113 1512 2168 minus
1538 2130 1661 2169 non
1686 2116 1872 2186 jactat
1897 2118 2066 2174 tertia
2093 2122 2325 2177 mundi.

881 2202 1035 2267 Quid
1064 2202 1169 2257 tibi
1192 2203 1300 2272 vis,
1326 2203 1544 2274 rabies,
1579 2205 1738 2260 tetris
1764 2206 2122 2276 dignissima
2150 2210 2424 2268 claustris
2457 2214 2566 2288 (54)
2591 2220 2618 2274 ?

881 2316 1059 2386 Figite
1088 2333 1195 2389 per
1224 2333 1468 2391 corpus,
1497 2318 1687 2389 fugiat
1714 2336 1789 2376 ne
1818 2321 2057 2391 lividus,
2092 2342 2344 2398 ungues.

871 2405 1053 2462 Crede
1080 2406 1247 2477 mihi,
1278 2423 1403 2463 non
1429 2424 1525 2463 me
1556 2413 1658 2464 tua
1686 2409 1873 2466 verba
1903 2412 2193 2471 minantia
2223 2420 2442 2475 terrent
2467 2421 2601 2491 (55).

878 2494 1137 2551 Plurima
1164 2512 1260 2551 me
1291 2497 1496 2552 docuit
1523 2499 1907 2570 Neptanabus
1938 2500 2033 2557 ille
2062 2505 2349 2575 magister
2376 2510 2490 2580 (56)

876 2583 1141 2653 (Labitur
1171 2585 1311 2640 aula
1342 2585 1516 2640 tholis
1550 2586 1750 2642 rutilat
1796 2604 1928 2659 quae
1959 2590 2273 2662 splendida
2302 2594 2520 2667 fulvis).

876 2673 987 2726 Per
1016 2677 1216 2744 partes
1250 2673 1529 2729 scindunt
1556 2679 1779 2730 vestem
1810 2693 1995 2750 quam
2025 2680 2284 2753 quisque
2312 2684 2553 2743 tenebat
2577 2690 2712 2759 (57).

880 2789 1127 2845 Credere
1156 2806 1299 2846 vera
1324 2790 1539 2846 dehinc
1573 2808 1756 2863 super
1783 2792 1877 2849 his
1904 2810 2015 2850 nec
2044 2795 2197 2854 falsa
2224 2801 2447 2856 notavi.

875 2877 1108 2933 Ordinis
1134 2882 1221 2934 est
1250 2878 1427 2949 igitur
1454 2879 1582 2934 haec
1612 2881 2056 2939 transformatio
2087 2887 2256 2955 regni
2281 2888 2411 2961 (58).

875 2966 1295 3039 Unusquisque
1325 2971 1519 3040 potest
1547 2967 1677 3023 aliis
1705 2970 2070 3041 conjungere
2096 2973 2275 3030 rebus
2306 2994 2319 3045 ;

877 3056 1016 3111 Sese
1047 3056 1213 3127 quod
1237 3060 1454 3112 natura
1479 3062 1659 3127 negat
1683 3059 1975 3132 sapientia
2008 3068 2319 3121 monstrat.

878 3145 1022 3216 Spes
1042 3145 1358 3215 juvenum,
1387 3151 1635 3203 ventura
1659 3146 1807 3218 dies,
1835 3149 1939 3222 qui
1970 3150 2201 3209 discere
2229 3154 2443 3213 nolunt
2470 3157 2602 3231 (59).

876 3270 1069 3324 Causa
1098 3285 1333 3337 senum,
1368 3270 1493 3326 sine
1520 3288 1625 3344 spe
1654 3274 1911 3346 pueriles
1934 3275 2222 3347 plangere
2251 3297 2482 3338 cursus.

875 3359 1167 3415 Omnibus
1197 3360 1259 3415 in
1287 3361 1492 3429 rebus,
1527 3362 1574 3417 si
1601 3362 1786 3418 solers
1815 3365 2021 3422 omnia
2055 3369 2288 3441 scirem,

873 3450 996 3502 Heu
1022 3448 1033 3501 Ι
1066 3448 1248 3503 miser
1276 3449 1563 3521 insipiens
1592 3451 1760 3523 quod
1786 3468 1884 3509 me
1914 3469 2077 3511 nunc
2104 3458 2350 3529 paenitet
2382 3467 2569 3531 urget.

869 3547 999 3600 Non
1024 3548 1247 3599 rastros
1276 3546 1438 3615 novi,
1467 3561 1576 3601 nec
1604 3546 1789 3603 tristia
1818 3549 2024 3620 praelia
2050 3552 2193 3622 vidi,

869 3636 981 3689 Res
1008 3634 1169 3689 mala
1197 3650 1209 3688 :
1238 3634 1405 3707 quod
1435 3635 1557 3690 scio
1586 3634 1916 3693 defendunt
1948 3657 1961 3707 ;
1994 3642 2163 3713 quod
2191 3644 2393 3701 nescio
2415 3646 2637 3705 cedunt
2662 3648 2797 3723 (60).

876 3749 933 3805 Si
965 3749 1047 3803 sic
1076 3749 1404 3818 contigerit,
1435 3765 1666 3805 vacuus
1699 3751 1958 3809 sufﬂabo
1989 3754 2220 3813 favillas
2250 3776 2263 3813 :

870 3838 987 3892 Aut
1016 3836 1172 3906 regis
1202 3837 1449 3908 cineres,
1480 3843 1583 3895 aut
1614 3844 1849 3896 nostras
1876 3842 2039 3899 ﬂabo
2072 3847 2386 3905 Camcenas
2418 3851 2546 3925 (61).

869 3927 926 3984 Si
951 3929 1144 3983 Musas
1174 3926 1460 3995 celebres,
1494 3927 1753 3985 clament
1782 3934 2064 3990 musarde
2087 3939 2362 3995 sacerdos
2394 3942 2528 4011 (62).

762 4018 822 4072 P.
865 4016 1095 4071 Persius
1124 4016 1449 4086 indignans
1480 4024 1717 4090 promet
1746 4024 1874 4076 tum
1908 4023 2077 4080 lusca
2106 4029 2380 4086 sacerdos
2414 4032 2547 4105 (63),

706 4233 826 4286 185.

707 4708 831 4762 190.

703 5189 825 5242 195.

577 5659 704 5711 200.
762 5659 826 5711 Β.

330 5746 575 5802 Punor.
619 5745 791 5800 CXLI.

869 4106 979 4171 Qui
1004 4106 1165 4177 legit,
1195 4106 1350 4179 sapit
1374 4107 1640 4164 ofﬁcium
1671 4126 1861 4167 musae
1895 4112 2022 4169 sine
2048 4116 2246 4174 Musis.

868 4230 1024 4286 Velle
1051 4231 1303 4300 bonum,
1341 4233 1526 4289 sacris
1557 4234 1665 4290 sed
1694 4234 1988 4294 delectare
2015 4238 2270 4313 loquelis

868 4322 1165 4375 Instanter
1192 4320 1462 4392 cupiens,
1495 4322 1712 4377 horum
1742 4339 1863 4380 non
1895 4325 2216 4385 immemor
2242 4347 2517 4406 unquam

866 4408 1044 4464 Justis
1070 4408 1337 4466 inveniar
1368 4411 1596 4482 similis,
1628 4413 1743 4468 hoc
1768 4413 1974 4484 judico
2007 4433 2265 4490 semper,

867 4498 1031 4567 Eligo
1062 4514 1245 4554 nosse
1272 4501 1498 4566 Deum;
1530 4500 1758 4556 cunctis
1813 4502 2087 4573 praeferre
2119 4507 2285 4578 quod
2313 4514 2477 4581 opto.

866 4590 1159 4660 Prospera
1189 4587 1241 4642 si
1270 4588 1379 4644 tibi
1409 4593 1566 4657 sunt,
1594 4605 1719 4646 non
1747 4590 1962 4648 taedeat
1988 4592 2103 4649 hoc
2134 4595 2458 4655 reminiscit
2484 4600 2617 4674 (64),

873 4708 995 4761 Rex
1022 4721 1235 4775 regum
1266 4709 1447 4761 temet
1469 4711 1697 4770 quanto
1727 4705 1935 4763 ditavit
1963 4709 2210 4767 honore.

866 4797 1106 4851 Munera
1128 4794 1419 4849 concessit
1447 4795 1614 4867 prius
1640 4796 1924 4851 omnibus
1956 4798 2047 4853 his
2078 4801 2348 4875 meliora,

864 4886 1097 4939 Partem
1122 4899 1387 4955 namque
1418 4884 1529 4955 sui,
1558 4902 1693 4958 quae
1717 4901 1861 4957 pars
1890 4888 2180 4960 sapientia
2204 4908 2347 4949 vera
2376 4894 2486 4967 (65)
2515 4914 2528 4952 :

864 4973 971 5027 Per
994 4987 1180 5043 quam
1214 4970 1364 5026 scire
1395 4976 1564 5043 potes
1589 4989 1724 5045 quae
1755 4979 1897 5030 sunt
1924 4976 2187 5034 caelestia
2217 4996 2475 5056 semper.

866 5060 1022 5126 Quid
1046 5060 1137 5129 sit,
1168 5060 1556 5130 Hierusalem,
1585 5061 1768 5118 debes
1798 5067 1863 5120 tu
1887 5065 2055 5135 scire,
2090 5084 2372 5143 superna,

870 5185 1022 5247 Quid
1050 5185 1304 5258 lapides,
1326 5185 1503 5253 muri,
1532 5191 1738 5258 portae,
1766 5191 2066 5246 structura
2094 5192 2242 5263 quid
2271 5194 2393 5267 illa,

866 5278 934 5331 Et
962 5275 1187 5348 quibus
1219 5274 1321 5331 illa
1344 5290 1597 5330 manens
1628 5275 1702 5331 sit
1730 5275 1960 5333 civibus
1985 5279 2298 5353 aediﬁcata,

866 5364 1082 5420 Ordine
1108 5364 1387 5421 distincto
1416 5364 1661 5436 regitur,
1693 5381 1817 5422 non
1845 5367 2029 5424 milite
2059 5384 2278 5441 pauco,

863 5457 967 5510 Ast
996 5454 1127 5510 aliis
1153 5453 1301 5511 alios
1330 5453 1564 5528 praefert
1592 5454 1848 5512 discreta
1876 5461 2161 5529 potestas.

867 5543 1113 5613 Singula
1138 5544 1408 5611 dissolvi,
1439 5548 1684 5616 propter
1710 5544 1952 5602 fastidia
1974 5546 2245 5618 longum.

872 5659 1029 5716 Scire
1054 5678 1259 5718 meum
1287 5662 1435 5719 nihil
1460 5666 1566 5730 est,
1602 5678 1840 5735 semper
1866 5664 1971 5720 sed
2001 5666 2271 5724 Numinis
2296 5669 2439 5727 almi

3116 5776 3184 5829 25

3386 290 3492 344 7'78
