3878 6394
84 287 204 341 781

1291 285 1568 338 CARMEN
1603 285 1698 336 AD
1731 283 2104 339 ROBERTUM
2132 286 2365 342 REGEM

938 407 1170 461 Judicat
1195 412 1466 478 expertes
1501 407 1724 460 servilis
1756 406 2130 462 conditionis.

942 496 1060 549 Hos
1089 499 1240 550 Deus
1275 497 1524 550 adscivit
1551 513 1750 551 servos
1781 496 1912 563 sibi,
1935 497 2166 567 judicat
2193 499 2318 570 ipse
2343 518 2356 555 :

941 587 1146 638 Castos
1173 588 1229 638 et
1261 584 1491 638 sobrios
1522 584 1595 638 de
1629 584 1790 637 ci'vlis
1821 583 2085 639 clamitat
2113 603 2258 640 esse.

773 675 898 726 260.
944 675 1130 726 Omne
1164 688 1352 739 genus
1381 673 1697 726 hominum
1727 678 2023 743 pi‘wcepto
2055 674 2320 730 subdidit
2346 676 2455 731 illis
2485 677 2589 749 (84)

943 761 1218 832 Princeps
1253 761 1541 832 excipitur
1573 760 1792 824 nullus,
1827 777 1962 814 cum
1999 761 2212 816 dicitur
2240 779 2426 819 omne.

943 851 1102 914 Quos
1131 850 1300 918 jubet
1333 855 1392 904 ut
1424 848 1678 903 doceant
1711 853 1931 903 sectam
1966 865 2199 905 servare
2230 849 2467 907 ﬁdelem

944 941 1006 993 Et
1037 939 1225 1000 mergi
1253 938 1460 1010 doctos
1491 938 1643 992 sacri
1678 937 1760 991 sic
1792 937 1950 992 fonte
1983 939 2207 994 lavacri
2240 941 2367 1012 (85).

939 1029 1250 1082 Constituit
1281 1025 1566 1096 medicos,
1603 1027 1648 1080 si
1679 1026 1927 1082 vulnera
1959 1033 2453 1099 computruerunt
2484 1029 2612 1102 (86),

777 1128 900 1179 265.
945 1127 1050 1179 Per
1080 1142 1232 1197 quos
1267 1142 1612 1180 sermonum
1646 1126 1908 1180 cauteria
1942 1131 2079 1180 sunt
2110 1125 2476 1183 adhibenda.

943 1215 1216 1286 Corporis
1243 1215 1336 1268 ille
1370 1214 1458 1268 sui
1494 1219 1937 1268 sacramentum
1974 1215 2284 1285 sanguinis
2316 1221 2493 1288 atque
2529 1216 2638 1289 (87)

937 1303 1112 1358 Jussit
1143 1321 1263 1375 quo
1298 1303 1459 1358 solus
1495 1308 1771 1359 tractaret
1799 1304 1902 1359 rite
1936 1305 2235 1360 sacerdos.

942 1393 1194 1447 Maxima
1225 1391 1520 1447 commisit
1554 1409 1705 1464 quos
1741 1407 1800 1446 se
1825 1398 2076 1448 tractare
2107 1394 2341 1460 rogavit
2369 1397 2500 1466 (88),

943 1484 1090 1535 Voce
1125 1482 1220 1536 Dei
1253 1481 1418 1553 quod
1449 1482 1814 1554 promissum
1847 1498 1966 1535 nou
1996 1498 2125 1537 esse
2158 1489 2443 1548 negatum
2477 1487 2584 1553 (89)

779 1583 902 1633 270.
947 1579 1254 1633 Credimus
1281 1584 1335 1634 et
1364 1579 1605 1644 scimus,
1631 1580 1686 1633 ni
1718 1596 1869 1650 quos
1902 1596 2008 1634 sua
2040 1579 2286 1635 crimina
2317 1581 2542 1653 pellunt
2569 1600 2581 1648 ;

946 1668 1004 1720 In
1039 1668 1200 1721 cmlis
1231 1667 1454 1739 primas
1485 1666 1701 1722 debent
1734 1667 2130 1722 conscendere
2179 1669 2348 1723 sedes
2380 1671 2511 1740 (90),

944 1759 1057 1810 Hos
1089 1757 1256 1811 decet
1288 1757 1582 1825 cvigilare,
1617 1758 1760 1811 cibis
1791 1760 1846 1812 et
1877 1773 2118 1828 parcere
2150 1759 2350 1813 multis
2385 1759 2511 1830 (91),

943 1849 1048 1900 Pro
1074 1845 1280 1917 populi
1315 1862 1670 1916 semperque
1703 1844 1825 1899 suis
1855 1861 2025 1900 orare
2055 1846 2259 1902 ruinis.

947 1936 1140 1988 Pauca
1174 1949 1352 2003 super
1383 1934 1607 1986 clericis
1639 1933 1781 2001 dixi,
1816 1933 1918 1987 sed
1946 1934 2118 2004 plura.
2146 1934 2354 2006 reliqui
2383 1936 2509 2006 (92).

781 2034 904 2086 275.
948 2031 1221 2102 quuales
1254 2030 1430 2095 igitur
1465 2035 1601 2083 sunt
1632 2046 1841 2084 omnes
1873 2031 2209 2086 conditione
2242 2035 2375 2104 (93),

950 2123 1074 2174 Una
1105 2121 1321 2174 domus
1351 2119 1580 2174 Domini
1613 2120 1737 2187 lege
1772 2120 1815 2174 si
1847 2119 2141 2175 clauditur
2171 2137 2312 2176 una.

951 2211 1056 2261 Hes
1090 2208 1224 2261 tidei
1256 2207 1528 2278 simplex,
1564 2213 1754 2262 status
1782 2213 1870 2262 est
1900 2208 1957 2262 in
1987 2209 2195 2264 ordine
2223 2209 2452 2282 triplex.

953 2299 1061 2350 Lex
1089 2297 1357 2350 humana
1389 2295 1541 2350 duas
1568 2295 1772 2351 indicit
1803 2297 2174 2352 conditiones
2203 2299 2316 2368 (9i)
2340 2315 2354 2352 :

951 2385 1168 2438 Nobilis
1197 2389 1252 2439 et
1283 2400 1490 2438 servus
1519 2384 1697 2437 simili
1722 2400 1845 2438 non
1875 2384 2006 2453 lege
2034 2390 2325 2442 tenentur.

783 2487 906 2536 280.
949 2486 1096 2537 Nam
1129 2482 1300 2553 primi
1333 2483 1454 2536 duo
1489 2487 1645 2548 sunt,
1681 2481 1825 2536 alter
1852 2483 2019 2549 regit,
2052 2483 2308 2555 imperat
2337 2484 2484 2540 alter
2508 2486 2619 2556 (95)
2648 2503 2660 2552 ;

953 2573 1219 2634 Quorum
1249 2575 1550 2640 praecepto
1581 2569 1918 2639 respublica
1947 2570 2122 2625 ﬁrma
2149 2572 2401 2626 videtur.

953 2663 1098 2714 Sunt
1130 2659 1247 2724 alii,
1279 2659 1490 2729 quales
1517 2658 1868 2726 constringit
1898 2658 2058 2714 nulla
2086 2664 2351 2730 potestas
2377 2661 2488 2730 (96)
2517 2679 2528 2726 ;

951 2749 1209 2802 Crimina
1242 2749 1288 2801 si
1321 2748 1573 2816 fugiunt,
1602 2765 1736 2819 quae
1768 2764 1977 2817 regum
2007 2755 2240 2821 sceptra
2269 2755 2562 2805 coercent.

952 2837 1013 2891 Hi
1043 2836 1377 2904 bellatores,
1412 2840 1632 2891 tutores
1667 2836 2084 2902 Ecclesiarum,

789 2957 914 3009 285.
960 2951 1293 3006 Defendunt
1322 2951 1484 3016 vulgi
1515 2952 1772 3016 maiores
1803 2957 1981 3022 atque
2015 2952 2295 3019 minores,

953 3042 1209 3095 Cunctos
1237 3046 1293 3095 et
1317 3057 1448 3095 esse
1481 3041 1650 3111 parili
1687 3041 1767 3094 sic
1795 3057 1958 3096 more
1987 3047 2244 3096 tuentur.

953 3130 1145 3184 Altera
1179 3145 1490 3184 servorum
1523 3128 1732 3183 divisio
1761 3130 2171 3185 conditionum
2199 3134 2332 3201 (97).

847 3221 908 3273 Β.
954 3221 1068 3272 Hoc
1098 3233 1284 3283 genus
1319 3217 1626 3280 afﬂictum.
1663 3218 1742 3272 nil
1774 3219 2038 3289 possidet
2067 3220 2295 3291 absque
2324 3219 2549 3277 labore.

954 3306 1094 3371 Quis
1129 3306 1316 3374 signis
1347 3307 1519 3361 abaci
1555 3307 1927 3361 numerando
1951 3311 2213 3362 retexere
2246 3307 2433 3379 possit

789 3407 912 3458 290.
959 3406 1277 3458 Servorum
1311 3404 1594 3463 suidium,
1628 3420 1862 3471 cursus,
1897 3408 2210 3475 tantosque
2239 3404 2476 3460 labores
2499 3406 2526 3460 τ

849 3495 904 3545 Ρ.
949 3492 1313 3557 Thesaurus,
1349 3492 1545 3559 vestis,
1579 3493 1805 3545 cunctis
1837 3497 1977 3546 sunt
2007 3509 2235 3563 pascua
2259 3494 2434 3549 servi.

957 3584 1101 3634 Nam
1132 3581 1287 3634 valet
1311 3581 1532 3644 iugenu
1546 3597 1612 3632 us
1646 3581 1768 3634 sine
1801 3581 1985 3634 servis
2016 3583 2212 3635 vivere
2241 3581 2460 3636 nullus.

959 3676 1104 3723 (lum
1135 3669 1305 3722 labor
1329 3669 1603 3730 occurrit,
1637 3673 1912 3739 sumptus
1938 3673 1995 3723 et
2025 3669 2245 3724 habere
2276 3674 2617 3741 peroptant,

957 3761 1072 3812 Rex
1101 3762 1157 3811 et
1188 3757 1499 3828 pontiﬁces
1531 3757 1714 3811 servis
1743 3758 1959 3812 servire
1990 3757 2285 3814 videntur.

906 3908 917 3920 .
961 3865 1221 3919 Pascitur
1247 3878 1282 3918 a
1313 3879 1478 3917 servo
1506 3862 1808 3926 dominus,
1841 3877 2024 3934 quem
2052 3877 2300 3935 pascere
2328 3867 2549 3935 sperat,

903 3997 914 4008 .
958 3956 1272 4008 Servorum
1303 3951 1606 4022 lacrymaa,
1635 3950 1889 4020 gemitus
1919 3965 2041 4005 non
2071 3951 2358 4007 terminus
2387 3952 2543 4007 ullus
2571 3953 2706 4025 (98).

914 4085 924 4098 .
967 4043 1197 4115 Triplex
1228 4041 1324 4096 Dei
1359 4056 1498 4108 ergo
1527 4040 1747 4095 domus
1778 4045 1884 4108 est,
1916 4057 2051 4113 quae
2081 4041 2340 4097 creditur
2370 4058 2492 4099 una
2519 4045 2654 4111 (99).

965 4136 1130 4187 Nunc
1160 4135 1332 4186 orant
1361 4130 1478 4194 alii,
1508 4133 1800 4202 pugnant,
1829 4129 2048 4202 aliique
2073 4129 2386 4188 laborant:

963 4226 1102 4285 Quae
1132 4220 1240 4274 tria
1271 4226 1408 4274 sunt
1440 4218 1614 4273 simul
1671 4223 1723 4273 et
1757 4218 2078 4275 scissuram
2107 4236 2232 4276 non
2257 4221 2583 4292 patiuntur.

800 4322 923 4374 300.
971 4319 1150 4373 Unius
1181 4318 1377 4373 ofﬁcio
1409 4318 1491 4372 sic
1524 4321 1721 4382 stant;
1751 4323 1998 4387 operata
2024 4318 2287 4374 duorum

964 4407 1215 4462 Alternis
1243 4407 1474 4461 vicibus
1505 4406 1730 4461 cunctis
1761 4406 2060 4461 solamina
2085 4407 2369 4477 praebent.

967 4499 1064 4550 Est
1088 4497 1264 4564 igitur
1295 4496 1546 4567 simplex
1574 4496 1703 4550 talis
1735 4495 2028 4551 connexio
2059 4494 2268 4565 triplex
2300 4511 2312 4548 :

967 4587 1056 4639 Sic
1089 4585 1180 4639 lex
1214 4584 1545 4656 praevaluit,
1580 4584 1662 4638 sic
1684 4583 1950 4638 mundus
1980 4599 2127 4654 pace
2157 4581 2397 4653 quievit.

967 4673 1302 4728 Tabescunt
1325 4672 1506 4742 leges,
1537 4679 1593 4726 et
1620 4687 1738 4743 pax
1763 4673 1890 4742 jam
1921 4671 2125 4727 deﬂuit
2154 4671 2369 4726 omnis.

801 4773 925 4825 305.
971 4773 1264 4825 Mutantur
1290 4786 1487 4824 mores
1518 4771 1854 4838 hominum,
1887 4774 2195 4826 mutantur
2221 4774 2279 4824 et
2307 4769 2476 4834 ordo,

969 4863 1106 4924 Rex,
1144 4863 1281 4913 tunc
1306 4860 1437 4929 jure
1470 4864 1631 4914 tenes
1662 4861 1918 4928 lancem,
1951 4866 2090 4915 tunc
2120 4859 2381 4931 protegis
2412 4857 2641 4926 orbem,

969 4947 1262 5002 Proclivos
1289 4948 1460 5002 noxis
1485 4964 1626 5003 cum
1655 4948 1859 5017 legum
1886 4949 2126 5018 stringis
2156 4947 2428 5004 habenis.

859 5040 922 5092 R.
965 5040 1095 5092 Jam
1124 5041 1304 5108 caput
1331 5053 1468 5092 ecce
1506 5041 1672 5092 tuum
1701 5037 1968 5093 candens
1997 5037 2260 5094 imitatur
2287 5037 2515 5094 olorem
2545 5036 2694 5108 (lOO)

971 5129 1104 5182 Hzec
1133 5131 1349 5180 natura
1381 5126 1699 5181 senectutis
1731 5125 1950 5182 dixisse
1981 5126 2290 5198 probatur.

804 5219 929 5272 310.
975 5216 1220 5272 Credere
1251 5230 1374 5269 non
1410 5231 1624 5271 sanum
1656 5215 1787 5270 talis
1823 5219 2038 5271 natura
2060 5215 2254 5285 coegit
2282 5216 2448 5285 (101).

873 5317 930 5370 P.
973 5314 1166 5369 Altera
1197 5329 1292 5368 me
1326 5313 1612 5383 stimulat,
1647 5313 1813 5369 senio
1843 5329 1966 5369 non
1995 5312 2195 5368 deﬁcit
2221 5311 2318 5367 illa
2342 5312 2511 5382 (102).

852 3871 896 3921 l5

852 3957 906 4009 Β.

867 4046 906 4098 Ρ

868 5405 929 5458 R.
975 5406 1127 5467 Quot
1152 5403 1381 5457 homini
1410 5403 1630 5458 dantur
1660 5406 1885 5457 naturae
1909 5403 1936 5457 ?
1965 5401 2064 5456 Dic
2101 5401 2112 5454 !
2147 5404 2204 5456 P.
2243 5417 2254 5452 :
2288 5405 2436 5471 puto
2464 5399 2622 5455 binae
2656 5398 2823 5468 (103).

870 5493 932 5547 R.
978 5491 1088 5547 Sed
1118 5497 1314 5547 tamen
1345 5491 1456 5559 his,
1485 5507 1636 5563 quas
1664 5490 2022 5562 multiplices
2059 5489 2172 5543 scis
2198 5503 2349 5556 esse,
2379 5487 2618 5544 duabus

981 5583 1057 5632 Ex
1089 5581 1198 5644 his,
1233 5597 1366 5650 qua)
1393 5580 1672 5651 loquitur,
1706 5579 1877 5649 cujus
1909 5579 2025 5634 sint
2054 5577 2235 5634 verba
2264 5591 2488 5648 repone
2517 5578 2682 5648 (104).

810 5675 938 5728 315.
982 5677 1414 5732 Grammaticus
1447 5677 1717 5748 simplex,
1747 5677 1972 5733 nedum
2001 5673 2343 5732 dialecticus
2368 5673 2506 5730 illex
2536 5675 2706 5744 (l05).
2789 5721 2792 5724 .

3425 294 3535 348 782
