1939 3135
197 126 249 152 783

551 227 581 253 P.

546 271 578 297 R.

517 600 577 626 325.

516 830 578 857 330.

517 1064 578 1089 335.

515 1297 576 1323 340.

516 1526 577 1552 345.

453 1751 514 1777 350.
541 1750 570 1777 P.

452 1982 513 2008 355.
543 1981 572 2007 P.

511 2206 572 2232 360.

509 2436 570 2462 365.

510 2666 570 2692 370.

551 315 581 341 Ρ.

552 369 578 394 0.

708 115 950 146 ADALBERONIS
971 113 1126 142 EPISCOPI
1142 110 1381 140 LAUDUNENSIS

600 180 688 208 Valde
702 179 867 208 recordaris
882 177 1048 205 studiorum
1062 182 1159 211 pauca
1174 173 1309 210 priorum

603 225 657 258 Qui
670 232 796 261 parvum
810 222 954 256 meminit,
968 229 1030 249 non
1045 218 1229 247 obliviscitur
1241 217 1339 245 omnis
1355 216 1426 252 (106)

599 260 734 304 Ε]υς⁷ᾳυὶ
749 267 891 300 stimulat,
908 265 989 293 senio
1004 263 1105 292 nescio
1121 261 1270 290 reminisci
1284 260 1367 296 (107),

602 313 701 341 Dicere
715 320 783 348 quae
797 311 908 339 nollem
922 318 983 342 rex,
998 307 1166 335 infestando
1182 313 1334 342 perurges.

601 366 724 402 Spiritus
738 365 786 392 hic
800 365 938 396 resonat;
954 369 1014 389 non
1031 369 1078 388 me
1094 359 1244 387 dementia
1257 360 1373 394 torquet
1390 357 1472 392 (188).

600 410 629 438 Si
643 412 749 437 natura
764 416 870 436 senum
882 407 970 441 cogit,
986 413 1047 433 non
1063 404 1167 440 culpor
1181 405 1264 431 acute
1280 403 1363 437 (109),

599 456 712 482 Naturae
725 453 816 480 finem
829 460 890 479 non
904 452 1020 487 ponunt
1035 452 1096 477 arte
1112 448 1196 484 periti
1209 448 1231 483 (ί
1240 448 1291 482 t0).

598 499 748 527 Artiﬁcem
762 498 887 534 quidam
902 497 1004 524 dicunt
1020 495 1120 529 ignem
1136 493 1292 528 sapienter.

601 546 649 571 Est
658 544 725 575 aliis
741 545 858 575 natura,
876 541 925 569 Dei
940 539 1083 577 praeclara
1095 538 1243 566 voluntas.

599 599 673 625 Nam
689 599 795 624 natura
812 595 860 623 Dei
875 597 951 622 Deus
966 596 1012 621 est
1026 602 1031 620 2
1047 592 1205 620 hominum
1221 598 1341 627 quoque
1357 597 1418 617 non
1434 588 1485 616 sic.

600 642 628 670 Si
642 649 707 669 vere
725 643 799 668 Deus
815 643 867 672 est,
883 641 926 667 est
940 636 1134 666 immutabilis
1150 636 1239 663 idem.

598 688 757 713 Immutare
773 693 860 711 suum
875 682 957 719 quod
971 685 998 709 et
1013 684 1067 714 est,
1085 688 1145 707 non
1159 678 1267 706 desinit
1279 686 1352 706 esse.

598 732 707 758 Natura
722 729 830 756 summi
846 728 946 755 Patris.
964 728 1059 754 Unum
1074 725 1216 761 quodque
1232 726 1363 751 creatum

600 775 694 803 Sumit
707 776 854 807 naturam,
871 780 940 800 cum
954 772 1086 807 primum
1102 768 1223 804 suscipit
1237 770 1345 795 ortum.

599 827 778 863 Corporibus
792 834 858 862 quae
869 826 1047 860 junguntur,
1065 830 1186 849 sensum
1201 821 1361 857 patiuntur.

597 871 737 904 Quredam
752 879 757 897 ε
774 872 842 896 sunt
857 869 921 896 alim
935 867 1087 903 qumdam,
1102 874 1168 902 quae
1185 873 1246 892 non
1261 864 1422 900 patiuntur.

598 917 630 943 Et
645 915 665 942 si
681 916 812 941 mutatur
825 920 945 948 corpus,
962 913 1094 938 mutatur
1109 912 1137 937 et
1152 909 1201 936 illa
1214 917 1220 935 :

598 962 670 988 Cum
685 961 826 994 pereunte
840 957 926 993 perit,
938 964 998 992 quo
1014 957 1168 991 permanet
1183 954 1231 981 illa
1247 954 1398 987 manente,

599 1005 768 1037 Junguntur
784 1003 846 1029 haec
861 1001 1056 1036 incorporeis,
1074 999 1125 1026 sed
1140 1001 1167 1026 et
1181 998 1273 1025 altera
1288 997 1386 1024 rebus.

598 1063 662 1088 Non
678 1062 803 1096 pereunt
818 1059 872 1086 illae
887 1066 954 1093 quae
970 1065 1092 1092 corpore
1108 1064 1168 1083 non
1183 1055 1342 1082 sociantur.

598 1106 653 1132 Res
669 1103 799 1131 hominis
813 1104 918 1129 natura
934 1101 1043 1137 duplex
1055 1100 1152 1127 reddit
1166 1099 1343 1135 duplicatas.

600 1150 728 1184 Corpore
739 1148 906 1182 junguntur
919 1145 1058 1178 hominis,
1073 1144 1123 1171 sed
1142 1151 1245 1179 separe
1259 1143 1352 1170 ductu

599 1193 697 1220 Altera
708 1191 844 1227 jungitur
859 1191 925 1224 hac,
941 1190 993 1217 sed
1009 1191 1036 1216 et
1051 1188 1143 1216 altera
1155 1187 1290 1222 jungitur
1303 1186 1378 1213 illac.

598 1236 746 1272 Quidquid
762 1235 815 1263 erit
830 1237 943 1267 contra,
958 1241 1019 1260 non
1033 1233 1105 1265 haec,
1123 1239 1183 1259 non
1198 1231 1246 1258 illa
1260 1230 1412 1266 probatur.

597 1294 714 1326 Territa,
729 1295 868 1321 naturam
884 1292 993 1324 vitans,
1008 1290 1115 1317 effatur
1129 1288 1221 1317 asella
1238 1288 1319 1324 (Hi).

595 1338 697 1366 Passio
711 1346 775 1371 nec,
792 1340 899 1364 natura
915 1335 991 1371 sapit
1004 1343 1058 1362 nec
1074 1333 1207 1369 corporis
1223 1332 1293 1360 ulla.

596 1385 691 1411 Unam
706 1390 776 1418 quae
791 1382 869 1409 circa
882 1382 1017 1408 versatur
1030 1378 1230 1413 cognitionem

597 1426 747 1462 Corporis,
762 1433 780 1452 a
794 1427 902 1452 natura
917 1424 1006 1451 aliam
1018 1431 1077 1450 non
1094 1422 1217 1458 percipit
1232 1429 1366 1457 unquam
1379 1429 1385 1447 :

598 1471 656 1499 Sed
671 1479 763 1506 quam
778 1478 839 1497 non
852 1469 932 1503 novi,
949 1467 1088 1502 cognosci
1104 1467 1194 1494 fertur
1206 1466 1245 1493 ab
1261 1466 1319 1493 illa.

598 1522 790 1550 Intelleclibili
804 1530 892 1549 sensu
908 1523 976 1548 sunt
992 1521 1054 1547 haec
1070 1519 1216 1556 capienda
1231 1527 1237 1546 :

598 1569 671 1596 Sunt
686 1566 858 1600 intellectus,
874 1574 926 1601 per
941 1573 1031 1601 quem
1044 1566 1208 1591 noscuntur
1224 1565 1358 1598 utraque,

597 1612 666 1639 Dico
680 1611 891 1644 necessarium,
907 1610 989 1646 quod
1003 1608 1142 1644 quaelibet
1156 1607 1245 1641 exigit
1258 1607 1377 1639 harum,

594 1656 776 1690 Argumenta
791 1654 957 1682 necessario
974 1653 1113 1680 dicuntur
1128 1654 1156 1679 et
1169 1651 1237 1678 ista.

595 1700 705 1727 Cuncta
719 1698 892 1726 necessariis
907 1698 1156 1732 argumentantur
1169 1695 1207 1722 ab
1220 1694 1283 1722 istis
1296 1694 1309 1721 Ἰ

591 1748 710 1777 Malleus
725 1748 796 1775 alter
810 1736 903 1781 adest,
919 1746 971 1782 qui
986 1753 1078 1773 causa
1093 1744 1256 1780 probabilis
1272 1743 1319 1770 hic
1332 1745 1384 1770 est.

594 1792 692 1820 Inveni
702 1792 784 1828 quod
799 1791 944 1827 disposui,
961 1798 1023 1818 non
1037 1789 1195 1816 immemor
1207 1788 1326 1815 horum.

594 1837 722 1873 Eloquor
735 1836 765 1864 in
779 1843 923 1872 praesens,
939 1836 968 1862 et
979 1834 1061 1870 quod
1077 1832 1248 1869 pronuntio,
1263 1840 1378 1859 verum.

593 1881 677 1914 Quod
694 1889 754 1909 non
769 1883 814 1908 est
826 1887 942 1912 verum,
958 1886 1019 1906 non
1034 1879 1078 1905 est
1092 1877 1137 1904 fas
1152 1877 1249 1904 dicere
1264 1884 1378 1911 verum,

593 1926 706 1954 Fabula
719 1933 781 1952 non
798 1924 906 1952 similat
918 1931 1032 1956 verum,
1049 1929 1104 1949 nec
1116 1920 1223 1948 dicitur
1237 1928 1300 1948 esse
1315 1920 1399 1956 (112).

593 1980 634 2007 En
649 1978 710 2006 dixi
724 1985 838 2006 verum.
856 1976 917 2005 Scis
932 1983 992 2003 non
1005 1975 1146 2003 excedere
1160 1982 1273 2002 verum.

592 2023 693 2052 Naenia
707 2022 790 2050 nulla
802 2029 904 2049 meum
918 2028 971 2048 nec
986 2019 1089 2048 fabula
1103 2019 1213 2047 mulcet
1227 2025 1362 2046 amorem
1377 2018 1459 2053 (H3).

593 2069 657 2095 Non
672 2067 714 2094 sic
729 2068 811 2101 gesta
827 2065 915 2099 scias,
933 2064 985 2092 sed
1001 2066 1108 2092 cuncta
1123 2063 1184 2098 geri
1198 2062 1331 2099 potuisse
1349 2071 1355 2089 :

595 2111 701 2140 Sistere
712 2112 818 2138 cuncta
831 2109 919 2137 velim
933 2119 940 2143 ;
955 2108 1093 2145 quamvis
1107 2108 1163 2135 sub
1176 2108 1306 2135 themate
1320 2114 1402 2141 vero,

593 2155 645 2182 Hic
661 2157 760 2182 tamen
775 2156 819 2182 est
833 2155 915 2181 extra
928 2152 1068 2188 quaedam
1082 2151 1240 2179 discressio
1257 2158 1390 2178 causam.

593 2203 720 2240 Respicit
735 2203 773 2230 ad
789 2209 922 2234 causam,
938 2208 1062 2228 causam
1075 2200 1127 2228 sed
1143 2199 1250 2227 dicitur
1263 2201 1354 2233 extra,

592 2250 616 2275 A
630 2247 751 2284 proprio
767 2254 857 2274 sensu
870 2252 933 2273 non
945 2245 1009 2272 haec
1023 2243 1121 2272 aliena
1131 2243 1258 2271 videtur.

594 2291 670 2319 Finis
684 2292 714 2319 et
727 2290 859 2319 ofﬁcium
875 2287 952 2324 sapit
964 2297 970 2315 :
987 2289 1031 2315 est
1044 2295 1106 2315 non
1121 2286 1232 2320 fabula,
1248 2285 1301 2313 sed
1314 2293 1372 2313 res.

593 2357 600 2363 .
623 2357 629 2364 .
652 2357 658 2364 .
681 2356 687 2363 .
710 2357 717 2362 .
737 2333 897 2371 praecessit,
912 2332 1012 2360 veniat
1024 2331 1178 2368 persuasio
1191 2331 1305 2366 juncta.

592 2382 674 2408 Nunc
689 2387 744 2415 pro
758 2378 822 2412 lege
839 2377 889 2405 Dei
904 2375 1046 2405 certando
1062 2383 1115 2412 per
1129 2375 1232 2403 omnia
1246 2374 1323 2403 Patri

590 2435 658 2461 Jure
674 2431 825 2460 salutifero
839 2431 987 2467 sapientes
999 2432 1028 2458 et
1042 2428 1187 2457 moderati
1200 2429 1284 2464 (114).

591 2476 715 2505 Praemia
727 2475 774 2504 vel
787 2483 892 2512 ptenas
908 2476 1042 2511 quaerant
1058 2482 1065 2507 ;
1079 2474 1192 2502 ratione
1205 2474 1324 2509 potente

591 2521 753 2557 Accipient,
768 2521 847 2556 aequi
860 2519 906 2548 vel
920 2519 993 2555 quid
1006 2518 1157 2555 patiantur
1172 2517 1280 2554 iniqui:

590 2568 631 2594 De
644 2566 742 2594 dubiis
755 2567 875 2599 certent,
891 2564 929 2592 de
941 2563 1026 2592 certis
1042 2571 1103 2591 non
1116 2562 1286 2590 dubitantes
1300 2569 1307 2587 :

592 2612 625 2638 Et
638 2610 719 2638 mala
733 2608 912 2637 defendant:
927 2607 1051 2636 veniunt
1063 2606 1245 2634 extrinsecus
1257 2604 1308 2632 illa
1321 2606 1345 2638 (t
1354 2606 1406 2641 15).

592 2663 719 2691 Oratoris
733 2663 811 2691 inest
824 2661 886 2696 tibi,
902 2668 963 2694 rex,
975 2667 1118 2688 concessa
1132 2658 1256 2686 facultas
1270 2657 1353 2693 (“6).

591 2709 672 2735 Nunc
686 2707 886 2739 demonstras,
901 2707 964 2733 tum
978 2703 1122 2732 deliberat
1134 2702 1209 2730 ordo
1223 2703 1388 2738 potentum,

591 2750 754 2780 Discutiens
769 2749 915 2778 aﬂirmats
927 2756 997 2777 cum
1012 2746 1159 2782 religiOSis

589 2794 720 2828 Iudiciis,
735 2801 754 2822 a
767 2801 829 2830 quo
842 2793 959 2829 possint
973 2800 1020 2820 res
1029 2790 1164 2820 inﬁciari.
