3878 6388
80 240 189 292 785

773 360 840 416 R.

734 455 821 506 75.

765 631 824 684 P.

693 899 817 952 380.

694 1342 816 1395 385.

693 1786 815 1838 390.

695 2227 815 2279 395.

695 2673 818 2726 400.

619 3117 744 3170 405.
765 3117 828 3170 R.

693 3566 817 3618 410.

691 4019 814 4070 415.

698 4468 822 4520 420.

699 4915 824 4967 425.

709 5358 834 5411 430.

1217 241 1499 297 CARMEN
1540 243 1634 296 AD
1675 240 2065 297 ROBERTUM
2107 243 2365 300 REGEM.

880 363 1176 418 Judicium
1208 363 1430 436 duplex
1462 364 1728 436 sequitur
1759 365 2051 438 correptio
2076 366 2308 438 triplex.

878 452 1065 507 Antea
1094 469 1188 507 res
1218 453 1426 526 quales
1456 453 1649 519 nobis,
1685 454 2013 524 translatio,
2042 455 2180 510 tinis
2213 457 2384 527 (117),

877 543 941 596 Et
971 541 1326 610 conjecturae
1354 559 1476 614 quo
1507 543 1925 597 discernantur
1955 549 2207 615 oportet.

877 632 1068 686 Causa
1097 646 1206 684 nec
1238 636 1325 685 est
1345 630 1688 696 individuis,
1723 637 1921 686 tamen
1949 638 2037 686 est
2069 632 2359 704 specialis.

874 719 1139 782 Quatuor
1165 720 1274 774 has
1304 735 1425 773 non
1459 719 1738 784 invenies,
1773 736 1928 791 quas
1957 720 2121 775 hicce
2153 721 2401 792 requiris
2428 724 2576 793 (118)

875 807 988 862 Sed
1021 813 1238 862 stratus
1267 813 1358 862 est
1384 824 1540 862 unus
1565 807 1787 876 legum,
1816 809 2111 864 contraria
2139 826 2400 864 sumens.

871 899 932 951 Et
964 913 1211 952 causam
1244 902 1595 969 partemque
1627 915 1800 953 suam
1833 905 1976 970 puto
2009 899 2266 970 desuper
2292 916 2443 966 esse,

871 986 991 1040 Rite
1018 986 1200 1058 pedes
1225 987 1430 1059 posui;
1466 987 1669 1056 surgit,
1704 987 1851 1042 dum
1885 988 2083 1058 figitur
2103 989 2247 1042 alter
2278 990 2442 1059 (119).

871 1075 1113 1129 Alstimo
1142 1076 1308 1146 quod
1339 1075 1518 1144 tetigi,
1549 1091 1672 1130 non
1701 1092 1736 1131 a
1768 1077 1992 1131 ratione
2020 1077 2257 1132 recessi.

870 1163 1134 1219 Pandere
1165 1180 1285 1219 non
1317 1165 1577 1220 moriens
1606 1181 1716 1220 nos
1744 1166 1870 1220 haec
1901 1171 2112 1221 natura
2140 1166 2331 1235 coegit
2357 1167 2498 1237 (120)

875 1253 1171 1307 Immerito
1198 1253 1426 1325 culpor.
1461 1255 1586 1307 haec
1616 1253 1676 1307 vi
1701 1256 1843 1324 quia
1870 1255 2063 1308 dicere
2096 1271 2278 1321 cogor

869 1341 1020 1406 Quid
1053 1341 1155 1395 tibi
1189 1343 1477 1412 peccavi?
1505 1346 1736 1398 Naturae
1761 1344 1898 1412 jura
1929 1343 2171 1415 replevi,

874 1429 1057 1496 Digne
1088 1429 1351 1495 tristaris,
1385 1430 1490 1501 qui
1521 1447 1620 1485 rex
1655 1431 1872 1485 servire
1898 1431 2125 1501 juberis
2157 1431 2326 1500 (121),

874 1518 1239 1572 Francorum
1270 1519 1523 1590 primus,
1557 1523 1620 1574 tu
1652 1535 1856 1573 servus
1888 1521 1947 1574 in
1973 1520 2201 1586 ordine,
2236 1534 2466 1587 regum.

873 1606 975 1661 Hic
1006 1606 1161 1662 male
1196 1608 1485 1675 turbatur,
1517 1607 1622 1678 qui
1651 1624 1773 1663 non
1808 1625 1916 1664 sua
1938 1609 2121 1664 verba
2153 1613 2404 1663 veretur.

872 1695 1144 1763 Regnum
1181 1699 1542 1751 Francorum
1573 1713 1742 1764 reges
1775 1697 1886 1751 sub
1915 1703 2180 1768 tempore
2213 1701 2453 1768 patrum
2484 1697 2630 1766 (122)

871 1784 1180 1854 Subjugat,
1215 1790 1269 1838 et
1297 1802 1530 1857 semper
1564 1785 1802 1840 sublimi
1831 1786 2008 1857 pollet
2041 1787 2288 1852 honore,

871 1873 1097 1939 Regum
1128 1878 1359 1944 sceptra
1389 1878 1628 1943 patrum
1659 1873 1878 1927 nullius
1906 1878 2137 1945 sceptra
2167 1877 2438 1928 coercent
2466 1873 2610 1944 (123)

874 1959 1134 2030 Quisque
1165 1961 1332 2029 regit,
1366 1962 1638 2030 gaudens
1671 1961 2004 2029 virtutibus,
2037 1961 2293 2032 imperat
2325 1976 2494 2032 teque
2525 1961 2694 2030 (124).

875 2049 1157 2103 Novimus
1186 2050 1500 2122 imperium
1524 2052 1651 2120 jam
1679 2050 1919 2116 regibus
1946 2067 2076 2104 esse
2101 2050 2371 2117 fugatum
2404 2054 2552 2115 (125)

817 2178 828 2189 .
871 2136 1066 2191 Gratia
1097 2153 1255 2192 nunc
1291 2140 1557 2204 Summo,
1590 2154 1697 2209 per
1726 2154 1910 2209 quem
1939 2153 2189 2205 regnare
2221 2140 2472 2208 peropto
2502 2135 2650 2206 (126)

872 2228 997 2279 Non
1028 2226 1251 2280 meritis
1282 2227 1546 2282 concedo
1578 2227 1725 2282 meis
1752 2246 1764 2293 ;
1814 2227 1919 2281 sed
1947 2226 2125 2281 laude
2157 2224 2402 2297 perenni

873 2313 1085 2383 Gloria,
1115 2314 1268 2381 laus,
1302 2321 1358 2369 et
1387 2316 1600 2385 honos,
1643 2316 1827 2370 virtus
1855 2316 1926 2369 sit
1955 2320 2169 2369 cuncta
2199 2313 2423 2383 regenti
2449 2331 2462 2377 ;

872 2404 1196 2475 Poplitibus
1228 2406 1394 2460 ﬂexis
1419 2406 1672 2478 supplex
1703 2422 1885 2477 quem
1918 2421 2154 2476 semper
2175 2405 2383 2469 adoro,

877 2495 944 2547 Ut
972 2493 1147 2547 nobis
1172 2494 1344 2549 liceat
1368 2494 1526 2563 leges
1556 2510 1789 2549 servare
1813 2499 2094 2565 paternas
2125 2494 2294 2563 (127).

879 2585 992 2636 Lex
1022 2581 1222 2637 divina
1254 2586 1409 2637 vetat
1433 2600 1568 2654 qua:
1600 2583 1838 2651 corrigit
1869 2583 2019 2636 inter
2058 2586 2342 2650 utrasque
2373 2580 2546 2649 (128),

870 2671 1066 2726 Altera
1097 2671 1400 2742 permittit,
1428 2671 1601 2741 jubet
1629 2671 1812 2726 altera
1846 2687 1858 2724 :
1902 2674 2158 2740 suntque
2187 2668 2471 2722 minores.

869 2759 1077 2813 Judico
1104 2759 1397 2828 majorem
1424 2775 1608 2830 quam
1637 2759 1876 2814 tradunt
1906 2757 2295 2830 posteriorem
2329 2773 2341 2810 :

873 2847 1013 2902 Utile
1039 2864 1295 2919 quaeque
1327 2849 1731 2903 necessarium
1760 2848 2025 2903 conferre
2056 2846 2288 2900 videtur
2317 2845 2487 2914 (129).

869 2937 957 2991 Ad
983 2953 1077 2990 res
1105 2938 1397 3007 pertineat
1426 2936 1626 3008 plures
1655 2955 1812 3009 quae,
1848 2951 2085 3007 semper
2115 2934 2362 2988 honeste
2391 2932 2560 3003 (130),

872 3025 1093 3080 Fortior
1122 3030 1177 3079 et
1205 3041 1580 3097 quaecunque
1613 3026 1963 3094 gravissima
1996 3024 2086 3092 sit,
2121 3027 2452 3077 teneamus.

867 3115 1096 3170 Judicet
1121 3115 1542 3187 Omnipotens;
1574 3131 1811 3170 mecum
1843 3114 2043 3168 divina
2074 3113 2147 3167 sit
2175 3111 2292 3177 illa,

865 3204 1136 3276 Undique
1162 3220 1282 3276 pax
1313 3205 1474 3260 bona
1503 3210 1638 3277 post
1670 3204 2016 3280 certamina,
2045 3207 2303 3275 postque
2329 3201 2570 3257 labores
2599 3200 2746 3272 (131)
2781 3215 2793 3253 :

872 3296 937 3348 Et
969 3299 1156 3348 status
1188 3294 1457 3348 Ecclesiae
1489 3310 1594 3365 per
1625 3311 1685 3348 se
1720 3310 1828 3348 sua
1851 3295 1991 3363 jura
2022 3291 2261 3347 tenebit.

872 3383 1226 3454 Descriptas,
1257 3388 1314 3437 et
1340 3399 1460 3437 non
1491 3383 1636 3437 alias
1669 3382 2006 3455 respublica
2041 3381 2200 3450 leges
2226 3382 2368 3450 (132)

871 3472 1206 3526 Possideat:
1239 3489 1347 3526 sua
1376 3487 1560 3539 regna
1592 3471 1835 3526 Basilius
1864 3476 1919 3525 et
1950 3470 2297 3525 Benedictus
2324 3468 2472 3537 (133)

873 3560 1202 3616 Observent
1233 3577 1245 3614 :
1277 3565 1534 3628 teneant,
1559 3560 1856 3631 quidquid
1890 3575 1999 3613 sua
2020 3574 2205 3625 regna
2231 3555 2550 3626 jubebunt.

870 3647 1180 3702 Pontiﬁces
1209 3663 1479 3719 unquam
1512 3649 1807 3702 celebrent
1836 3663 1955 3700 non
1982 3662 2122 3700 rura
2152 3645 2434 3714 deinceps
2459 3643 2629 3714 (134).

873 3737 964 3793 Sic
994 3753 1103 3791 sua
1128 3737 1267 3806 jura
1295 3740 1514 3805 tenent,
1547 3736 1592 3790 si
1624 3752 1746 3790 non
1778 3735 1999 3790 ruralia
2026 3738 2250 3789 curent.

868 3826 1110 3880 Justitite
1142 3825 1409 3894 regimen
1443 3830 1642 3879 noster
1671 3842 1794 3880 non
1825 3824 2043 3880 audeat
2073 3818 2220 3877 ordo
2255 3820 2402 3890 (135)

872 3916 1180 3986 Linquere,
1214 3915 1318 3969 sed
1346 3915 1478 3969 totis
1511 3930 1746 3986 semper
1777 3932 1837 3970 se
1869 3913 2098 3968 nisibus
2128 3916 2290 3984 aptet
2321 3929 2333 3964 :

865 4013 1197 4069 Constituat
1221 4013 1436 4083 justos,
1470 4017 1526 4067 et
1548 4027 1668 4066 non
1700 4029 1809 4084 pro
1835 4012 1962 4080 lege
1985 4026 2236 4083 capaces
2271 4009 2415 4078 (136)

874 4105 1146 4156 Rectores
1175 4101 1448 4172 inopum,
1482 4100 1768 4154 miserum
1799 4115 2034 4155 necnon
2060 4098 2403 4165 viduarum,

874 4189 1078 4244 Nullus
1111 4189 1188 4244 ad
1219 4189 1527 4244 ecclesiam
1559 4189 1747 4243 noctis
1774 4189 1889 4242 nisi
1916 4192 2181 4259 tempore
2212 4188 2422 4258 pergat
2462 4183 2632 4254 (137).

876 4283 961 4335 Ire
986 4279 1202 4346 semel;
1229 4279 1401 4334 liceat
1427 4279 1653 4334 cunctis
1683 4294 1854 4333 orare
1881 4277 2096 4332 diebus
2127 4277 2295 4346 (138).

874 4367 1118 4433 Judicet,
1153 4373 1208 4423 et
1235 4372 1456 4440 spectet
1483 4371 1801 4440 praesentes
1833 4372 2011 4436 atque
2044 4365 2274 4419 futuros
2305 4365 2473 4433 (139).

878 4468 987 4520 Pro
1012 4464 1238 4520 meritis
1261 4481 1472 4520 omnes
1503 4468 1811 4520 assumnu‘
1845 4461 2318 4516 emolumentum
2351 4458 2492 4528 (140)

880 4554 1172 4626 (Excipiar
1200 4554 1362 4608 solus
1391 4559 1588 4609 vestra
1619 4570 1755 4608 cum
1784 4554 1973 4623 pace),
2001 4549 2226 4604 ﬁdeles.

880 4646 1164 4714 Septenas
1191 4642 1364 4698 liceat
1387 4642 1596 4698 laudes
1627 4641 1889 4713 proferre
1929 4655 2034 4712 per
2064 4639 2242 4693 horas
2274 4636 2439 4706 (141).

880 4732 1078 4787 Hostia
1109 4748 1246 4786 cum
1279 4731 1430 4786 votis
1458 4733 1626 4800 (142).
1658 4734 1719 4786 R.
1755 4732 1889 4785 Haec
1921 4729 1995 4783 sit
2014 4727 2328 4800 permissio
2349 4726 2411 4779 Pz

1198 4749 1246 4786 [Il
1279 4731 1430 4786 votis
1458 4733 1626 4800 (142).
1658 4734 1719 4786 R.
1755 4732 1889 4785 Haec
1921 4729 1995 4783 sit
2014 4727 2328 4800 permissio
2349 4722 2539 4779 Patris
2562 4722 2729 4793 (143),

880 4825 1028 4878 Cum
1062 4821 1278 4889 Ligeris
1309 4820 1593 4876 Calabros
1627 4819 1876 4875 tentabit
1904 4818 2126 4885 lingere
2159 4831 2410 4887 campos

881 4913 946 4965 Et
974 4915 1204 4965 torrens
1235 4910 1427 4979 Tigris
1462 4910 1781 4980 Hispanica
1812 4907 2030 4980 ceperit
2059 4922 2220 4962 arva.

876 5003 1046 5055 AStna
1075 5014 1245 5053 rosas
1266 5016 1402 5052 cum
1432 4998 1722 5070 producet
1753 4998 1841 5052 vel
1871 4997 1990 5051 lilia
2017 5001 2317 5063 stagnum.

881 5087 1047 5144 Talia
1077 5087 1124 5141 si
1151 5087 1397 5141 veniunt
1431 5105 1442 5141 :
1476 5090 1636 5141 Tunc
1667 5087 1794 5142 haec
1824 5090 2076 5140 ventura
2107 5084 2307 5138 timeto

881 5176 1078 5232 Gratia
1107 5175 1419 5231 conﬁrmet
1440 5180 1491 5229 te
1520 5175 1740 5246 preesul
1772 5173 2068 5228 Adalbero
2090 5171 2299 5228 Christi
2326 5189 2338 5237 ;

883 5268 1094 5320 Nostra
1123 5263 1300 5318 simul
1334 5281 1346 5318 :
1381 5263 1589 5318 merito
1621 5261 1805 5330 regali
1835 5276 2081 5316 munere
2110 5260 2358 5332 dignus,

893 5357 1019 5410 Non
1048 5354 1194 5427 quia
1221 5353 1460 5423 deliras,
1495 5351 1602 5408 sed
1634 5351 1809 5407 nobis
1839 5350 2185 5420 allegorizas
2217 5349 2363 5419 (144)

3389 251 3495 303 786
