3878 6390
391 264 499 322 ’787

1362 262 1427 316 ΙΝ
1471 257 1952 317 ADALBERONIS
1992 255 2293 314 EPISCOPI
2333 260 2817 316 LAUDUNENSIS

3725 262 3822 318 788

1283 580 2055 700 ΑΒΒῙΔΝῙ
2160 581 2885 700 νΑιΕειι

840 837 992 955 IN
1084 836 1465 956 (ἈιΒῶ
1501 836 1669 953 EN
1766 830 2788 956 ADALBEBONIS
2872 832 3335 955 NOT/E.

465 1255 611 1307 Ante
631 1250 853 1323 aliquot
873 1265 1064 1306 annos
1090 1253 1298 1305 nactus
1325 1267 1458 1305 sum
1486 1254 1742 1305 veterem
1766 1250 2033 1305 codicem
2071 1253 2115 1303 A
2213 1241 2526 1311 Adalbero,
2560 1250 2652 1304 hic
2678 1265 2860 1321 quem
2891 1255 2949 1305 et
2976 1250 3342 1321 Ascelinum,
3373 1252 3472 1307 vel
3498 1253 3817 1308 Azolinum

393 1340 694 1410 exiguum,
751 1339 911 1394 Pauli
956 1339 1172 1394 Patavii
1208 1342 1269 1394 V.
1323 1340 1382 1394 C.
1438 1340 1677 1393 nomine
1732 1355 2034 1409 manuque

390 1434 683 1499 notatum,
743 1444 865 1500 quo
918 1428 1310 1483 Adalberonis
1368 1429 1628 1500 episcopi
1684 1429 2034 1483 Laudimen—

391 1519 470 1574 sis
535 1520 783 1574 Carmen
852 1516 930 1572 ad
994 1516 1316 1572 Robertum
1380 1533 1578 1586 regem
1653 1521 2032 1581 Francorum,

393 1606 765 1663 Chartarium
796 1605 1048 1660 Lirensis
1096 1605 1458 1675 monasterii,
1490 1609 1611 1659 Vita
1663 1605 1887 1669 Sugarii
1935 1606 2039 1658 ali-

388 1694 560 1759 batis,
595 1694 856 1767 Epistola
889 1694 1171 1766 Stephani
1202 1692 1430 1749 comitis
1476 1694 1551 1749 ad
1602 1694 1843 1749 Adelam
1892 1710 2035 1747 con-

381 1783 614 1855 jugem,
659 1782 952 1838 Judicium
984 1786 1378 1851 Varennensc,
1433 1783 1541 1849 vel,
1592 1790 1656 1837 ut
1703 1784 1882 1847 vulgo
1930 1798 2035 1837 vo-

389 1876 544 1941 cant,
584 1872 871 1944 placitum
914 1872 1300 1940 Emengardis
1342 1872 1560 1939 regium
1600 1876 1655 1926 et
1699 1872 2037 1941 principum

389 1961 669 2016 Ludovici
705 1960 811 2015 ﬁlii
863 1960 1125 2023 Bosonis,
1180 1975 1340 2015 anno
1383 1963 1507 2026 898,
1553 1960 1871 2015 indictione
1919 1976 2033 2017 vni.

385 2049 526 2105 item
556 2049 958 2121 percunctatio
985 2049 1103 2104 sive
1136 2049 1340 2104 electio
1379 2049 1797 2120 episcoporum
1830 2065 1897 2101 ac
1930 2048 2039 2101 cle—

385 2137 643 2193 ricorum
673 2153 906 2192 necnon
937 2137 1297 2210 populorum
1329 2137 1406 2191 ad
1436 2152 1637 2203 regem
1684 2152 2035 2190 consecran—

387 2226 556 2293 dum,
587 2241 710 2281 una
747 2241 882 2281 cum
926 2225 1296 2282 ordinatione
1320 2226 1539 2293 reginae
1585 2230 1798 2295 praeter
1832 2230 2041 2278 cratera

387 2314 858 2371 continebantur.
894 2319 975 2369 Ex
1000 2315 1091 2370 his
1118 2315 1243 2369 Vita
1277 2314 1500 2381 Sugerii
1522 2314 1858 2367 monasterii
1897 2316 2035 2368 San-

387 2403 463 2458 cti
494 2403 751 2475 Dionysii
790 2403 1047 2469 abbatis,
1097 2419 1131 2457 a
1164 2403 1472 2458 Francisco
1505 2403 1757 2458 Chesuio
1782 2404 2030 2466 dudum,

383 2492 446 2548 ni
470 2491 658 2553 fallor,
692 2496 779 2548 est
809 2492 995 2559 edita;
1028 2491 1324 2546 Judicium
1354 2491 1574 2559 reginae
1618 2490 2033 2555 lirmengardis

2146 1338 2369 1392 dictum
2416 1356 2541 1393 esse
2592 1340 2902 1394 Guibertus
2944 1340 3235 1405 Noviginti
3287 1340 3511 1408 abbas,
3578 1343 3646 1398 in
3677 1342 3819 1397 libro

2148 1429 2214 1478 Ill
2246 1429 2319 1481 de
2352 1428 2473 1481 Vita
2504 1444 2629 1493 sua,
2680 1427 2955 1489 afﬁrmat,
3013 1434 3188 1483 natus
3240 1429 3301 1484 in
3356 1445 3561 1498 regno
3608 1432 3819 1487 Lotha-

2146 1516 2233 1583 rii,
2293 1533 2395 1569 seu
2452 1518 2709 1571 Francus
2764 1516 3163 1571 Lothariensis
3216 1517 3344 1580 fuit,
3401 1523 3463 1573 et
3522 1519 3820 1575 beneﬁcio

2146 1604 2299 1663 regis
2330 1606 2690 1657 Francorum
2726 1603 2997 1669 Lotharii,
3055 1605 3149 1659 die
3200 1605 3469 1673 Paschee,
3517 1622 3696 1662 anno
3726 1610 3818 1660 977

2150 1691 2414 1744 ltorironi
2451 1693 2506 1745 in
2540 1694 2889 1763 episcopatu
2944 1692 3351 1747 Laudunensis
3402 1694 3700 1749 Ecclesiae
3735 1695 3820 1764 ju-

2146 1779 2311 1831 venis
2366 1780 2662 1845 successit,
2713 1787 2887 1851 atque
2926 1786 2989 1833 ut
3035 1784 3159 1834 erat
3198 1780 3384 1835 homo
3443 1783 3815 1853 pecuniosus

2146 1882 2213 1919 ac
2248 1866 2392 1918 bene
2434 1874 2798 1933 nummatus,
2830 1867 3096 1921 Ecclesiae
3129 1884 3251 1921 suae
3283 1874 3339 1922 et
3371 1868 3541 1924 clero
3580 1870 3808 1925 Laudu-

2147 1957 2313 2008 nensi
2346 1956 2529 2010 multa
2559 1961 2613 2009 et
2639 1972 2861 2018 magna
2892 1956 3169 2012 contulit:
3225 1956 3328 2011 sed
3360 1956 3807 2024 liberalitatem,

2146 2044 2475 2098 doctrinam
2516 2052 2877 2115 meterasque
2911 2047 3077 2099 dotes
3118 2062 3259 2100 suas
3298 2046 3532 2115 insigni
3567 2047 3811 2120 perﬁdia

2147 2133 2405 2187 tardavit.
2439 2134 2665 2204 Quippe
2712 2134 2987 2187 Carolum
3037 2134 3251 2189 ducem
3304 2136 3811 2203 Lothariensium,

2148 2221 2506 2275 tricesimum
2541 2224 2857 2291 septimum
2910 2227 3012 2276 aut
3058 2228 3337 2278 octavum
3388 2230 3687 2293 agentem
3713 2240 3813 2280 an-

2146 2327 2290 2363 num
2350 2320 2565 2376 (regem
2620 2327 2690 2365 ac
2746 2313 3115 2366 innocentem
3175 2329 3429 2381 puerum
3494 2315 3814 2371 Guibertus

2145 2404 2356 2468 vocati,
2389 2402 2560 2467 cujus
2591 2400 2961 2453 consiliarius
2991 2404 3113 2454 erat
3141 2401 3314 2470 cujus
3342 2400 3403 2455 in
3434 2402 3635 2459 verba
3659 2404 3815 2474 jura-

2142 2492 2328 2551 verat,
2357 2488 2449 2540 die
2483 2502 2664 2541 edente
2697 2488 3034 2556 Dominicte,
3058 2504 3218 2543 anno
3245 2492 3373 2558 990,
3417 2491 3669 2559 Hugoni
3694 2491 3815 2561 regi

385 2581 663 2636 Ludovici
688 2581 944 2637 Junioris
972 2579 1221 2648 Augusti
1250 2578 1405 2647 ﬁliae,
1440 2579 1593 2643 regis
1624 2580 1861 2633 llosonis
1892 2595 2035 2632 uxo—
2075 2594 2112 2646 Β
2148 2579 2523 2634 Francorum.
2575 2578 2759 2647 portis
2805 2578 3067 2632 Laudani
3096 2582 3269 2633 nocte
3299 2578 3649 2650 patefactis,
3701 2588 3813 2636 tra-

381 2670 460 2725 ris
506 2686 700 2743 nuper
736 2669 983 2742 quidem
1023 2668 1317 2736 vulgavit;
1379 2668 1699 2739 Epistolam
1751 2668 2031 2737 Stephani

381 2759 610 2814 comitis
668 2761 995 2816 Carnutum
1051 2760 1109 2811 et
1163 2756 1529 2811 Blesensium
1586 2756 1659 2809 ad
1714 2757 2030 2825 coniugem

380 2846 626 2903 Adelam
655 2850 713 2901 et
742 2860 1093 2901 communes
1142 2843 1291 2899 ﬁlios
1339 2845 1429 2897 dc-
1465 2843 1773 2898 obsidione
1829 2845 2031 2899 Antio-

378 2935 548 3002 chim,
579 2950 685 3006 per
712 2935 912 2989 lucam
942 2932 1277 2998 Acherium,
1322 2932 1383 2986 in
1414 2936 1577 2987 tonio
1609 2933 1894 3003 Spirilegii
1943 2935 2027 2999 IV,

378 3039 539 3079 anno
575 3026 729 3090 1661,
760 3021 1192 3094 publicandam
1213 3020 1433 3075 curavi.
1461 3025 1608 3075 Inter
1638 3022 1865 3092 reliqua
1896 3038 2030 3092 quin

377 3106 737 3162 nondumin
765 3107 959 3162 lucem
1000 3107 1284 3172 exierunt,
1315 3108 1574 3162 maxime
1626 3109 1843 3162 eminet
1894 3116 2029 3162 (Jar—

378 3210 519 3250 men
576 3194 988 3264 Adalberonis,
1046 3196 1107 3250 in
1161 3210 1284 3267 quo
1335 3195 1649 3267 episcopus
1701 3212 1841 3251 cum
1892 3212 2030 3265 rege

379 3284 657 3340 Botberto
715 3284 1094 3356 colloquitur,
1154 3289 1211 3340 et
1258 3302 1390 3357 quae
1442 3285 1503 3340 in
1551 3302 1734 3353 regno
1780 3290 2030 3340 Franco-

379 3387 516 3427 rum
547 3387 683 3427 cum
712 3388 749 3429 a
773 3373 997 3428 caeteris
1043 3373 1302 3444 cujusvis
1349 3374 1732 3446 professionis
1779 3373 2034 3429 homini-

379 3459 518 3530 bus,
586 3462 918 3533 preesertim
981 3477 1017 3517 a
1068 3463 1397 3531 monachis,
1455 3467 1581 3518 tum
1636 3478 1672 3518 a
1714 3478 1851 3531 rege
1903 3462 2030 3533 ipso

379 3548 535 3605 male
578 3550 960 3620 gerebantur,
1010 3565 1170 3606 nunc
1218 3551 1547 3622 allegorice,
1599 3566 1759 3606 nunc
1811 3552 2031 3606 ironice

380 3638 638 3710 exponit.
690 3639 814 3694 Hoc
866 3654 1111 3694 carmen
1158 3643 1213 3695 et
1258 3640 1705 3696 interlocutione
1755 3639 1909 3707 regis
1963 3655 2032 3695 ac

381 3726 664 3799 episcopi,
709 3731 766 3783 et
804 3726 1041 3782 incultis
1078 3743 1145 3782 ac
1193 3728 1524 3784 trivialibus
1576 3728 1866 3797 versibus,
1921 3728 2032 3782 hoc

381 3818 473 3869 est
541 3814 865 3885 scriptoris,
927 3814 1018 3869 vel
1064 3816 1259 3887 potius
1316 3821 1674 3888 temporum,
1748 3817 1909 3879 vitio,
1977 3820 2033 3871 et

380 3906 673 3974 perpetua
721 3902 841 3958 fere
897 3902 1176 3973 allegoria
1229 3909 1333 3961 aut
1374 3904 1566 3959 ironia
1614 3905 1774 3959 haud
1818 3920 2032 3975 parum

382 3990 629 4064 quidem
674 3991 905 4048 videtur
940 3993 1277 4060 obscurari;
1334 3994 1621 4071 quaedam.
1661 3999 1859 4049 tamen
1905 4011 2029 4049 me-

384 4078 577 4134 moria
613 4078 964 4149 dignissima
994 4099 1131 4138 cum
1180 4083 1254 4137 de
1293 4082 1450 4150 regis
1492 4081 1748 4136 Rotberti
1796 4099 2028 4152 genere,

384 4167 578 4224 forma
615 4173 671 4224 et
704 4170 1038 4241 virtutibus,
1089 4176 1218 4227 tum
1268 4168 1345 4225 de
1397 4171 1807 4238 magnitudine
1855 4178 1911 4227 et
1952 4172 2034 4227 vi-

383 4255 549 4312 ribus
577 4262 751 4330 atque
783 4258 1199 4331 autocephalia
1237 4258 1400 4327 regni
1447 4259 1727 4325 Francici,
1775 4262 2031 4315 nonnul-

382 4345 473 4401 los
500 4346 677 4402 etiam
704 4348 848 4405 ritus
891 4364 1211 4420 moresque
1267 4351 1625 4404 Francorum
1671 4351 1861 4406 aetatis
1904 4367 2033 4407 suae

382 4434 548 4490 haud
595 4435 777 4492 cuivis
819 4441 997 4492 notos
1023 4435 1303 4508 continet,
1334 4440 1399 4493 ut
1446 4437 1494 4491 si
1524 4453 1644 4493 non
1688 4439 2031 4508 verborum,

385 4526 538 4578 certe
565 4539 764 4580 rerum
811 4524 1098 4597 pondere,
1131 4528 1187 4579 et
1234 4526 1489 4580 auctoris
1523 4527 1612 4581 sui
1664 4527 1926 4591 nomine,
1978 4533 2036 4582 et

386 4611 740 4668 saeculorum
771 4612 1032 4684 amplius
1062 4628 1165 4668 sex
1191 4619 1477 4670 vetustate
1509 4615 1754 4683 censeri,
1806 4630 1876 4669 ac
1925 4631 2034 4687 pro

385 4699 666 4756 thesauro
693 4700 903 4756 haberi
927 4699 1397 4767 debeat.-Quarc'
1422 4704 1679 4758 hortanti
1730 4719 1826 4757 me
1872 4704 2035 4758 fratri

386 4787 466 4843 ad
493 4787 814 4844 editionem
843 4788 1024 4859 hujus
1054 4789 1271 4861 dialogi
1300 4791 1469 4847 facile
1494 4792 1745 4853 assensi,
1770 4806 1880 4845 nec
1909 4792 2038 4846 diu-

384 4876 499 4933 tius
527 4877 589 4932 in
618 4877 852 4932 schedis
882 4878 1029 4933 meis
1058 4879 1449 4936 Adalberonis
1483 4896 1637 4951 opus
1668 4879 1849 4934 latere
1895 4897 2035 4952 pas-

386 4981 488 5020 sus
534 4981 690 5020 sum.
744 4966 995 5022 Carmen
1032 4967 1211 5039 igitur
1267 4973 1370 5025 650
1429 4982 1723 5021 annorum
1781 4969 2035 5024 Carmini

390 5058 527 5110 ante
575 5058 679 5110 740
723 5070 914 5110 annos
963 5057 1313 5130 composito,
1368 5055 1649 5111 laudibus
1701 5058 2037 5126 Berengarii

384 5142 660 5211 Augusti,
690 5142 929 5198 natione
973 5144 1199 5210 Franci,
1246 5142 1455 5198 laudes
1500 5142 1739 5199 Roberti
1785 5146 2035 5201 Franco-

382 5243 521 5283 rum
548 5228 705 5297 regis
742 5229 985 5301 adjunxi
1010 5237 1194 5299 atque
1237 5230 1550 5300 subtexui;
1597 5247 1750 5303 quas
1798 5237 1853 5287 et
1903 5233 2033 5288 breo

383 5314 562 5370 vibus
588 5317 743 5373 notis
771 5318 1059 5377 illustrare
1087 5319 1367 5374 conabor.
1402 5322 1764 5392 Loquontem
1779 5322 2033 5378 Adalbe-

383 5418 593 5460 ronem
634 5409 950 5480 praesulem
988 5411 1028 5462 P
1076 5407 1283 5473 littera,
1334 5410 1673 5465 Hotbcrtum
1733 5426 1933 5479 regem
1986 5414 2029 5466 R

384 5491 571 5551 littera
590 5496 915 5566 designavi.

382 5581 461 5655 (1)
487 5584 633 5655 Regi
659 5585 933 5640 Rotberto
958 5585 1041 5638 sic
1061 5588 1286 5652 praesul
1323 5588 1359 5640 Α
1370 5589 1610 5644 dalbero
1635 5590 1826 5644 scribo

388 5670 670 5729 Prazsulz‘s
691 5672 755 5726 in
785 5671 963 5727 senio.

2138 2666 2304 2727 didit,
2339 2671 2515 2735 atque
2547 2682 2614 2719 ea
2649 2666 2874 2720 ratione
2908 2670 3216 2733 Hugonem
3239 2672 3525 2723 votorum
3563 2687 3815 2726 suorum

2140 2769 2209 2807 ac
2236 2756 2403 2816 regni
2430 2761 2767 2824 compotem
2802 2754 2951 2809 fecit.
2986 2756 3181 2819 Quare
3232 2757 3470 2811 vetulus
3523 2759 3815 2825 traditor,

2140 2847 2194 2896 et
2240 2844 2437 2910 falsus
2481 2845 2787 2911 episcopus
2830 2844 3116 2899 Lauduni
3144 2860 3178 2899 a
3208 2844 3593 2915 quibusdam
3635 2847 3820 2903 histo-

2137 2930 2273 2983 ricis
2304 2936 2700 3000 nuncupatur.
2738 2936 2907 2985 Anno
2940 2932 3146 2987 Christi
3196 2936 3291 2986 991
3350 2934 3527 3001 regni
3578 2938 3646 2990 D.
3707 2937 3825 2990 Hu-

2142 3019 2311 3083 gonis
2343 3020 2610 3081 Augusti.
2639 3025 2694 3073 et
2729 3019 3203 3074 excellentissimi
3236 3021 3392 3090 regis
3444 3023 3727 3079 Rotberti
3758 3028 3821 3093 ν,

2138 3108 2456 3162 indictione
2488 3125 2560 3171 iv,
2613 3108 3082 3179 pseudosynodo
3130 3110 3190 3164 in
3221 3123 3369 3177 agro
3396 3113 3693 3169 Remensi
3724 3114 3826 3169 ha-

2142 3196 2275 3248 bitze
2306 3196 2463 3250 idem
2490 3196 2745 3250 interfuit
2775 3203 2952 3267 atque
2986 3198 3382 3269 subscripsit;
3432 3199 3497 3254 in
3529 3216 3668 3273 qua.
3718 3210 3823 3258 Ar-

2139 3284 2393 3345 nulfum,
2443 3286 2595 3347 regis
2646 3286 2893 3339 Lotharii
2945 3284 3132 3341 tilium
3185 3287 3553 3357 naturalem,
3606 3293 3825 3347 Remo-

2140 3389 2274 3426 rum
2324 3374 2661 3439 antistitem,
2715 3390 2895 3445 quem
2945 3376 3071 3447 ipse
3122 3381 3298 3432 antea
3352 3377 3520 3432 solus
3552 3382 3827 3437 reconci-

2140 3461 2402 3528 liaverat,
2455 3479 2591 3517 eum
2639 3463 3168 3519 consacerdotibus
3202 3466 3325 3520 suis
3369 3466 3725 3535 damnavit,
3755 3487 3825 3526 ac

2142 3551 2629 3622 archiepiscopali
2680 3552 2905 3606 honore
2959 3553 3230 3623 privavit.
3290 3554 3494 3610 Eidem
3552 3557 3826 3614 Adalbe-

2140 3640 2268 3693 roni
2313 3639 2500 3704 Dudo,
2562 3640 2755 3694 Sancti
2809 3638 3069 3703 Quintini
3117 3640 3471 3697 clericorum
3511 3642 3824 3712 decanus,

2145 3735 2256 3783 tres
2281 3729 2464 3782 libros
2494 3728 2569 3782 de
2601 3729 2785 3783 Gestis
2842 3734 3371 3786 Normannnorum
3401 3732 3483 3787 ad
3530 3734 3827 3792 Richardi

2143 3816 2397 3885 Majoris,
2455 3821 2931 3873 Normannorum
2981 3818 3173 3889 ducis,
3248 3820 3506 3889 obitum,
3577 3839 3697 3880 seu
3748 3825 3823 3881 ad

2142 3921 2366 3959 annum
2400 3906 2609 3958 Christi
2652 3910 2754 3959 996
2786 3907 2879 3959 vel
2926 3907 2997 3977 (si
3042 3908 3279 3963 Dudoni
3326 3910 3625 3979 creditur)
3690 3919 3825 3970 1002

2139 3993 2429 4047 deductos
2453 3993 2671 4047 dicavit
2701 3994 2983 4065 epistola;
3015 4011 3139 4066 qua
3166 3996 3297 4066 ejus
3329 4012 3548 4067 genus,
3581 4003 3826 4074 sapien-

2140 4083 2279 4137 tiam
2309 4089 2486 4153 atque
2515 4082 2777 4151 virtutes,
2808 4085 3103 4155 praecipue
3134 4085 3467 4142 bonitatem
3523 4093 3826 4148 sanctita-

2142 4176 2400 4240 temque,
2453 4170 2674 4225 laudat.
2729 4174 2810 4225 Ex
2858 4188 2985 4242 quo
3030 4179 3280 4245 apparet
3331 4174 3819 4245 Adalberonem,

2140 4260 2230 4313 vel
2261 4259 2601 4313 Ascelinum
2651 4265 2788 4331 post
2817 4276 3046 4316 annum
3081 4266 3215 4317 1002
3252 4263 3287 4333 ('
3316 4264 3524 4320 adhuc
3574 4268 3826 4326 vivebat

2140 4364 2301 4404 anno
2336 4354 2504 4415 1027;
2538 4349 2859 4404 subscribit
2887 4350 3046 4404 enim
3077 4350 3296 4422 placito
3350 4352 3629 4411 Rotberti
3665 4361 3822 4428 regis

2141 4439 2255 4492 hoc
2306 4453 2467 4492 anno
2513 4437 2718 4495 habito
2770 4442 2962 4509 Bora.)
3014 4440 3213 4497 adhuc
3278 4441 3525 4511 vixisse,
3587 4449 3826 4520 episco-

2141 4543 2288 4597 pum
2320 4526 2778 4583 Laudunensem
2808 4528 3115 4585 exstitisse.
3149 4529 3455 4585 Azelinum
3491 4548 3608 4589 seu
3644 4538 3821 4593 Adal-

2142 4614 2448 4681 beronem,
2481 4614 2887 4670 Laudunensis
2928 4616 3198 4671 Ecclesiae
3228 4617 3562 4675 antistitem
3623 4625 3821 4697 Sylve-

2145 4707 2260 4757 sier
2280 4706 2502 4768 iunior,
2524 4703 2842 4773 episc0pus
2870 4706 3175 4761 Romanus
3197 4705 3321 4777 (qui
3349 4721 3518 4761 anno
3537 4714 3657 4766 998
3681 4712 3821 4784 [999}

2144 4792 2346 4845 sedere
2374 4791 2591 4860 coepit),
2634 4806 2739 4861 per
2768 4792 3079 4862 epistolam
3132 4794 3288 4863 regis
3320 4794 3591 4852 Rotberti
3633 4801 3823 4874 (quod

2138 4876 2345 4946 miror)
2386 4884 2444 4930 et
2478 4879 2923 4950 episcoporum,
2954 4882 3209 4951 publicis
3261 4882 3635 4942 criminibus
3692 4890 3826 4946 insi-

2145 4964 2437 5020 mulatum
2464 4981 2593 5020 esse
2612 4966 2791 5034 ait,et
2814 4971 3061 5025 Romam
3094 4969 3171 5023 ad
3201 4969 3532 5027 dicendam
3562 4991 3821 5033 causam

2140 5054 2429 5109 evocavit.
2466 5058 2596 5125 Ipse
2626 5056 2789 5123 regia
2815 5058 2867 5113 vi
2893 5073 2999 5129 per
3028 5058 3437 5129 quorumdam
3482 5060 3825 5123 factionem

2146 5143 2283 5197 sede
2323 5158 2383 5196 se
2424 5158 2534 5197 sua
2572 5143 2879 5201 exclusum
2916 5161 3049 5199 esse
3084 5146 3369 5216 queritur,
3421 5162 3555 5204 non
3617 5159 3823 5211 tamen

2142 5229 2467 5302 episcopali
2492 5230 2690 5287 ofﬁcio
2713 5234 3032 5303 privatum.
3070 5236 3182 5289 Sed
3210 5236 3322 5289 has
3356 5251 3613 5311 omnes,
3644 5243 3826 5300 veluti

2144 5322 2542 5389 tempestates,
2592 5318 2832 5379 feliciter
2869 5321 3061 5387 elusit,
3106 5337 3178 5381 ac
3206 5323 3462 5390 gratiam
3520 5329 3827 5404 principis

2137 5412 2369 5462 mature
2390 5409 2761 5477 recuperavit
2787 5428 2799 5475 ;
2833 5410 2928 5463 cui
2954 5409 3183 5465 amicus
3210 5415 3392 5482 atque
3424 5413 3625 5472 etiam
3662 5419 3827 5476 fami-

2134 5496 2293 5551 liaris
2342 5494 2465 5558 fuit,
2520 5496 2600 5549 uti
2642 5498 2751 5550 hoc
2801 5515 3043 5553 carmen
3091 5499 3286 5565 docet,
3342 5503 3518 5572 quod
3578 5508 3824 5569 doctus.

2134 5601 2243 5658 pro
2273 5587 2451 5653 captu
2482 5589 2842 5655 temporum,
2876 5589 3218 5660 episcopus,
3252 5589 3331 5645 ad
3376 5593 3544 5660 regis
3600 5595 3828 5654 littera-

2131 5691 2268 5732 rum
2300 5671 2509 5728 studiis
2534 5676 2854 5748 eruditum,
2908 5693 2979 5734 ac
3021 5682 3329 5736 amantem
3360 5682 3823 5758 studiosorum,
