3878 6386
383 256 486 308 ’791

1319 258 1388 316 ΙΝ
1445 261 1927 318 ADALBERONIS
1981 265 2291 323 EPISCOPI
2338 271 2845 332 LAUDUNENSIS.

3732 260 3867 349 792W

386 374 922 447 manico,futurum
942 377 1269 452 principem
1295 381 1513 454 plausu
1533 399 1824 440 manuum
1850 386 2031 442 hono-
2061 390 2108 443 Α
2142 392 2302 447 Certe
2328 397 2385 449 et
2420 394 2741 453 Willelmus
2794 401 3216 472 Nangiacensis
3271 410 3640 471 monachus
3690 416 3827 473 Rot-

386 462 606 520 rabant
636 506 650 532 ,
741 465 1392 541 acclamationibusque
1452 472 1971 544 prosequebantur
2016 493 2029 543 ;

387 550 606 607 deinde
636 553 1115 625 comprobabant
1141 555 1232 611 vel
1260 556 1348 628 (ut
1374 558 1606 629 vulgari
1648 565 1773 616 erat
1828 562 2031 634 verbo)

388 639 817 698 collaudabant
845 660 859 710 ;
892 646 1020 698 tum
1049 642 1168 700 ﬁde
1198 660 1234 701 a
1263 646 1510 717 singulis
1541 664 1614 704 ex
1643 648 1850 706 ordine
1876 652 2033 722 jure-

380 728 644 799 jurando
694 731 1011 803 promissa,
1054 748 1257 803 regem
1303 735 1735 795 benedicehant
1790 757 2033 798 corona-

383 815 651 889 bantque
678 836 692 886 ;
724 825 1078 877 coronatum
1100 822 1163 876 in
1188 823 1350 893 regio
1373 826 1520 882 solio
1542 827 1945 897 collocabant;
1970 831 2031 887 in

383 904 648 974 regalem
678 907 882 963 sedem
899 909 1139 977 elatum,
1167 910 1368 969 debita
1397 916 1785 985 gratulatione
1841 919 2028 975 cultu-

384 1007 503 1064 que
526 995 987 1053 venerabantur.
1012 999 1245 1055 Lavtitia
1275 1001 1439 1073 apud
1466 1003 1923 1074 Adalberonem,
1952 1009 2027 1063 ad

384 1081 844 1141 acclamationes
873 1086 1121 1158 pertinet
1167 1091 1364 1158 ;optio
1405 1093 1467 1147 in
1520 1109 1733 1163 regem,
1780 1095 1856 1151 ad
1908 1097 2028 1152 col-

384 1169 791 1228 laudationem
840 1174 958 1230 sive
1023 1176 1561 1237 conﬁrmationem.
1616 1183 1860 1240 Plausus
1903 1203 2029 1242 ma-

384 1273 577 1315 nuum
609 1262 919 1332 Gregorius
947 1265 1236 1333 meminit,
1267 1267 1330 1323 in
1354 1268 1487 1326 libri
1514 1271 1772 1328 Historiae
1815 1279 1876 1342 Il,
1929 1293 2027 1332 ca-

380 1346 501 1418 pite
530 1350 620 1418 42,
651 1350 813 1421 apud
836 1367 1019 1423 quem
1041 1355 1247 1410 Franci
1270 1357 1648 1415 Colonienses
1666 1363 2026 1430 plaudentes

382 1440 505 1491 tam
526 1438 752 1506 palmis
780 1455 958 1510 quam
978 1443 1235 1512 vocibus,
1266 1445 1621 1505 Clodoveum
1654 1452 1860 1520 clypeo
1875 1468 2029 1509 evec-

384 1529 506 1580 tum
532 1541 713 1595 super
742 1543 803 1584 se
853 1544 1049 1600 regem
1084 1535 1502 1606 constituunt;
1559 1538 1664 1593 etsi
1721 1540 2027 1597 codicibus

379 1611 624 1669 Iulianis
656 1615 942 1688 scriptum
967 1617 1206 1676 invenio
1227 1625 1481 1691 parmis.
1514 1630 1578 1680 In
1631 1627 1756 1683 Vita
1795 1630 2027 1686 Henrici

380 1700 655 1775 Bajoarii,
689 1707 809 1761 leo
838 1708 1082 1765 nomine
1109 1709 1501 1782 imperatoris,
1564 1715 1607 1770 Il
1660 1717 1839 1787 regis,
1893 1736 2025 1791 quae

378 1788 689 1847 Adelboldi
713 1794 1100 1865 Trajectensis
1131 1799 1394 1873 episcopi
1429 1803 1728 1876 scriptoris
1775 1788 2022 1878 aequalis

379 1892 511 1934 esse
539 1880 814 1949 creditur,
847 1899 1009 1940 anno
1039 1890 1173 1942 1004
1206 1905 1272 1943 :«
1306 1891 1586 1947 Henricus
1616 1908 1717 1949 rex
1759 1894 1840 1950 ibi
1899 1898 2025 1963 (Pa-

377 1967 517 2037 pia)
543 1983 580 2023 a
607 1968 910 2035 nobilibus
935 1972 1368 2047 Longobardis,
1418 1980 1521 2051 qui
1570 1981 1647 2035 ad
1700 1984 2024 2057 suscipien-

377 2051 526 2108 dum
550 2070 691 2110 eum
717 2058 1061 2128 congregati
1088 2069 1273 2131 erant,
1298 2080 1403 2136 per
1423 2065 1637 2137 dignos
1694 2051 2023 2142 applausus

377 2140 678 2212 recipitur,
703 2148 760 2199 et
789 2162 928 2201 cum
956 2149 1345 2206 exsultatione
1403 2154 1582 2209 totius
1637 2140 1886 2214 civitatis
1947 2162 2024 2216 ad

379 2228 577 2285 Sancti
597 2231 890 2288 Michaelis
914 2235 1226 2294 ecclesiam
1250 2240 1501 2297 ducitur.
1537 2243 1618 2300 lbi
1672 2246 1883 2318 clerus,
1942 2250 2022 2304 ibi

377 2316 673 2375 nobilium
703 2325 910 2393 castus,
939 2324 1024 2380 ibi
1049 2326 1220 2398 plebs
1252 2329 1559 2404 utriusque
1590 2350 1783 2402 sexus,
1814 2316 2022 2395 omnes

379 2406 698 2463 unanimes
729 2424 850 2466 uno
879 2427 982 2467 ore
1034 2414 1351 2473 Henricum
1405 2435 1608 2489 regem
1666 2424 2018 2495 acclamant,

377 2491 740 2567 collaudant,
770 2502 827 2553 et
852 2514 960 2572 per
973 2517 1270 2561 manuum
1314 2506 1630 2565 elationem
1679 2491 2016 2584 designant.

377 2580 761 2640 Collaudatus
784 2585 962 2656 igitur
986 2597 1341 2662 coronatur;
1375 2602 1691 2655 coronatus
1721 2617 1795 2657 ex
1815 2580 2020 2660 debito

373 2668 453 2725 ab
483 2673 764 2729 omnibus
792 2675 1121 2735 honoratur
1151 2698 1166 2748 ;
1190 2680 1267 2738 ad
1294 2684 1584 2756 palatium
1609 2688 1826 2747 deinde
1881 2706 2021 2749 cum

372 2758 538 2814 omni
551 2760 922 2831 jucunditate
947 2766 1200 2824 ducitur.
1228 2794 1255 2819 »
1278 2773 1588 2829 Rotbertus
1610 2783 1830 2847 autem,
1860 2793 2020 2838 anno

372 2846 581 2904 Christi
603 2852 705 2905 997
736 2868 877 2908 cum
907 2869 1048 2911 eum
1075 2862 1243 2928 pater
1259 2860 1369 2916 sibi
1396 2862 1565 2931 regni
1597 2846 1887 2937 collegam
1919 2872 2020 2926 ad-

365 2933 584 3004 junxit,
616 2939 817 2996 adhuc
832 2956 991 3010 puer
1018 2949 1163 3011 erat,
1197 2952 1260 3001 ut
1289 2948 1370 3003 ait
1385 2949 1705 3021 Adalbero,
1738 2933 2018 3014 nimirum

369 3035 673 3079 annorum
692 3026 921 3083 circiter
940 3031 1263 3103 sexdecim,
1286 3036 1510 3109 quippe
1532 3053 1692 3096 anno
1718 3045 1843 3098 1031
1870 3061 2017 3100 mor-

2139 478 2375 536 bertum
2402 484 2701 541 robustum
2719 486 3001 557 juvenem
3031 497 3088 549 et
3106 493 3327 566 agilem
3345 506 3556 559 vocat.

2141 564 2218 634 (9)
2248 566 2524 623 Plurima
2552 571 2660 625 sub
2688 573 2941 640 pedibus
2972 577 3078 632 tibi
3101 564 3293 648 fortia
3315 599 3514 655 regna
3534 590 3815 659 jugavit.

2211 651 2314 708 Hic
2344 670 2553 711 versus
2584 659 2661 713 ad
2704 661 2983 732 quintum
3018 681 3255 725 versum
3286 651 3552 730 refertur
3589 694 3605 732 :

2141 740 2557 829 Quanta_Deus
2584 748 2692 803 tibi
2716 755 3016 821 concessit,
3047 757 3141 811 vel
3162 761 3372 829 qualia
3397 764 3594 822 misit.

2209 821 2354 891 Tibi,
2384 825 2671 894 Rotberte,
2702 832 2854 885 Deus
2909 821 3231 893 fortissinia
3281 855 3475 910 regna
3526 845 3809 918 subjecit,

2139 908 2466 979 Franciam,
2492 914 2923 989 Burgundiam,
2985 908 3420 998 Aquitaniam;
3485 932 3811 1003 nimirum,

2138 1001 2220 1063 ut,
2244 1000 2629 1069 regnantibus
2658 1000 2720 1059 in
2752 1003 2996 1065 Francia
3020 1014 3413 1087 Merovingiis,
3443 1020 3566 1077 tria
3623 1040 3817 1095 regna

2140 1085 2499 1143 Francorum
2525 1089 2778 1157 fuerant,
2815 1098 3099 1166 Neustria,
3132 1085 3389 1177 Austria,
3420 1111 3618 1181 atque
3676 1085 3817 1168 gur-

2138 1172 2364 1240 gundia
2397 1193 2409 1240 ;
2440 1176 2520 1233 ita
2560 1184 2700 1250 post
2738 1188 2993 1240 mortem
3048 1189 3331 1247 Ludovici
3504 1172 3815 1270 -August1,

2136 1259 2339 1317 divisis
2368 1263 2518 1319 inter
2547 1266 2748 1338 plures
2798 1273 3090 1330 Francicaa
3148 1276 3391 1336 ditionis
3447 1287 3815 1357 provinciis,

2134 1360 2303 1413 reges
2332 1349 2517 1403 nostri
2546 1367 2713 1419 reges
2743 1356 3104 1415 Francorum
3147 1349 3635 1426 Occidentalium
3697 1372 3816 1427 dici

2137 1434 2335 1504 ccepti,
2394 1442 2450 1492 et
2488 1437 2598 1530 tria
2650 1441 2733 1496 eis
2788 1454 2974 1515 regna
3025 1444 3415 1509 nihilominus
3483 1454 3813 1530 attributa,

2137 1519 2380 1574 Francia
2428 1523 2704 1591 Occidua,
2746 1544 2851 1582 seu
2880 1532 3169 1599 Neustria,
3199 1537 3555 1607 Burgundia
3614 1559 3791 1615 quan

2134 1621 2318 1676 quam
2344 1608 2513 1665 valde
2544 1611 2879 1681 imminuta,
2912 1622 2968 1673 et
3004 1621 3343 1692 Aquitania.
3401 1627 3553 1684 Hinc
3607 1608 3809 1701 A-bbo,

2134 1693 2193 1748 in
2219 1695 2367 1752 llbI'O
2399 1714 2458 1763 ιι,
2492 1701 2695 1756 scribit
2726 1705 2996 1762 Odonem
3040 1724 3245 1780 regem
3294 1714 3642 1775 Franciam
3705 1737 3808 1776 seu

2133 1785 2493 1856 Neustriam,
2527 1792 2947 1862 Burgundiam
2978 1802 3036 1853 et
3062 1801 3401 1871 Aquitanos
3429 1807 3553 1863 sibi
3609 1810 3810 1881 subje‘

2135 1870 2302 1941 cisse,
2323 1880 2670 1950 ternumquc
2698 1879 2840 1938 illud
2871 1901 2975 1940 seu
3007 1870 3235 1957 triplex
3262 1907 3523 1962 regnum
3578 1870 3758 1954 vocat
3785 1906 3799 1952 ξ

2134 1962 2233 2016 Sic
2258 1979 2375 2019 uno
2406 1972 2635 2023 ternum
2669 1975 2999 2040 congaudet
3031 1980 3305 2036 ovamine
3331 1997 3623 2053 regnum.

2206 2047 2271 2099 Et
2298 2046 2358 2101 in
2389 2054 2833 2110 consecratione
2861 2057 3016 2126 regis
3047 2061 3325 2119 Ludovici
3349 2046 3798 2137 Transmarini,

2134 2133 2402 2191 Lauduni
2418 2137 2591 2209 facta,
2613 2158 2798 2213 quam
2826 2146 3106 2219 scriptam
3126 2149 3344 2223 habeo,
3362 2153 3497 2212 haec
3518 2133 3800 2216 invenio:

2134 2242 2161 2269 ‹‹
2196 2223 2580 2296 Omnipotens
2610 2234 2965 2303 sempiterne
2990 2237 3165 2307 Deus,
3198 2256 3383 2313 super
3412 2244 3586 2301 hunc
3610 2247 3807 2304 famu-

2132 2308 2256 2365 lum
2287 2317 2457 2369 tuum
2480 2333 2663 2388 quem
2694 2322 2949 2395 supplici
2978 2308 3297 2385 devotione
3320 2330 3381 2386 in
3402 2348 3679 2404 regnum
3703 2352 3807 2410 pa-

2132 2399 2268 2454 riter
2304 2402 2613 2475 elegimus,
2646 2408 3133 2471 benedictionum
3163 2422 3407 2476 tuarum
3438 2399 3616 2480 dbna
3644 2399 3805 2482 mDul-

2133 2488 2351 2560 tiplica,
2379 2500 2696 2565 quatenus,
2721 2506 2850 2566 etc.,
2888 2508 2949 2558 ut
2971 2505 3170 2574 regale
3212 2507 3454 2583 solium,
3517 2513 3804 2572 videlicet

2132 2578 2515 2648 Francorum,
2546 2587 3045 2658 Burgundiorum,
3068 2578 3533 2669 Aquitanorum,
3555 2608 3807 2675 sceptra

2130 2680 2252 2721 non
2277 2668 2529 2741 deserat,
2563 2675 2665 2728 sed
2692 2676 2769 2730 ad
2798 2678 3057 2747 pristina;
3099 2677 3241 2738 ﬁdei
3292 2668 3594 2760 pacisque
3654 2668 3804 2747 con-

2131 2752 2394 2813 cordiam
2417 2775 2623 2818 eorum
2645 2764 2900 2837 animos,
2942 2773 2997 2824 te
3034 2752 3383 2843 opitulante,
3425 2776 3745 2835 reformet.
3772 2803 3803 2829 »

2129 2846 2301 2941 'Apud
2333 2847 2921 2941 Flodoardumanno
2948 2860 3051 2912 969
3102 2876 3115 2913 :
3170 2881 3199 2909 «
3255 2863 3574 2921 Lotharius
3620 2883 3808 2941 puer,

2132 2925 2410 2982 Ludovici
2440 2929 2665 3000 (hujus)
2697 2933 2873 3001 ﬁlius,
2926 2952 3028 2992 rex
3077 2948 3487 3014 consecratur,
3552 2925 3813 3005 favente

2131 3012 2378 3083 Hugone
2400 3017 2666 3091 principe
2683 3020 3025 3096 ceterisque
3039 3027 3409 3098 prmsuﬁbus
3429 3012 3501 3088 ac
3532 3037 3817 3107 proceri—

368 3110 492 3164 tem
514 3110 680 3177 obiit,
702 3118 769 3170 et
787 3083 1780 3194 sexagenai‘ius—IEIEI—g-alrd‘owd‘iei’tur
1786 3083 2015 3189 υάεῖέέ-
2046 3083 2086 3139 Ο
2128 3100 2545 3194 puipragcim’
2575 3107 2931 3177 Burgundiw
2959 3118 3138 3186 atque
3202 3119 3567 3190 Aquitania
3600 3144 3633 3171 ”
3696 3128 3817 3181 ΒΨ

369 3212 539 3252 81886.

367 3283 447 3357 (7)
476 3286 658 3345 Flore
669 3296 1006 3382 Juventutis
1032 3302 1137 3354 tua
1146 3300 1280 3367 jam
1301 3305 1634 3372 resplendet
1662 3306 1873 3382 imago.

436 3376 681 3433 Iuvenis
709 3378 1050 3453 Rotbertus,
1080 3402 1187 3443 seu
1210 3386 1540 3463 incipientis
1559 3397 1840 3469 juventae,
1870 3410 2014 3472 erat,

369 3465 429 3517 et
475 3463 938 3527 adolescentiam
980 3489 1282 3548 emensus,
1335 3495 1494 3538 anno
1550 3463 1671 3557 998,
1728 3506 1864 3546 cum
1913 3509 2017 3565 pa-

367 3555 519 3609 trem
549 3556 765 3627 amisit,
799 3564 857 3616 et
884 3577 1114 3619 annum
1153 3567 1341 3623 (etatis
1396 3570 1621 3630 circiter
1659 3555 2015 3637 ivicesimum

368 3643 689 3714 septimum
717 3648 955 3717 agebat.
980 3653 1176 3717 Quare
1223 3655 1432 3714 Flaber
1479 3663 1762 3722 Rodulfus
1810 3677 2017 3727 auctor

365 3731 636 3827 aequalis,
668 3733 731 3789 in
921 3754 960 3794 Π
982 3740 1175 3812 capite
1206 3741 1253 3811 l,
1281 3744 1362 3803 ita
1390 3747 1463 3805 de
1493 3756 1747 3827 utroque
1779 3759 2010 3817 scribit:

366 3819 545 3911 «(.ltex
562 3821 747 3911 litigo
778 3866 794 3893 ,
824 3824 887 3879 in
943 3842 1093 3899 pace
1144 3846 1329 3902 regno
1389 3819 1698 3911 disposito,
1775 3844 2017 3905 feliciter

364 3903 532 4009 obiit.
560 3909 699 3964 Erat
747 3924 1013 4009 namque
1064 3918 1373 4009 Rotbertus
1420 3903 1523 3983 rei:
1567 3903 1706 3988 tunc
1751 3903 2010 4009 juvenis,

2128 3189 2328 3245 dulfus
2358 3192 2587 3264 Glaber,
2618 3195 2679 3251 in
2707 3196 2809 3252 lib.
2840 3210 2897 3266 ιι,
2926 3203 3120 3274 capite
3155 3203 3176 3256 l
3212 3219 3226 3259 :
3279 3189 3697 3279 Congregatis
3740 3217 3807 3270 in

2125 3276 2461 3338 Aureliano
2482 3284 2628 3340 urbe
2643 3289 2809 3356 regia
2823 3276 3540 3363 quibusqueFrancorum
3556 3305 3622 3355 et
3643 3303 3819 3359 Bur-

2124 3370 2494 3439 gundionum
2527 3376 2699 3443 regni
2710 3378 3097 3449 primoribus,
3128 3382 3478 3440 Rotbertum
3523 3401 3563 3443 a
3626 3397 3815 3461 patre

2127 3459 2434 3529 superstite
2464 3477 2666 3531 regem
2697 3466 3080 3524 constitutum
3108 3470 3192 3525 ait
3223 3489 3236 3539 ;
3269 3473 3616 3544 Aquitanos
3629 3459 3815 3537 emi-

2128 3545 2221 3616 sit,
2253 3547 2398 3619 quia
2428 3552 2567 3606 tunc
2588 3549 2974 3612 rebellabant.
3008 3558 3071 3612 In
3097 3560 3272 3615 veteri
3302 3563 3605 3620 Chronico
3637 3568 3821 3627 inve-

2124 3634 2224 3689 nio
2245 3651 2405 3692 anno
2430 3642 2563 3693 1059
2589 3639 2952 3714 Philippum,
2970 3643 3146 3713 jussu
3184 3649 3415 3705 Henrici
3460 3655 3667 3723 patris
3723 3674 3817 3714 re-

2124 3738 2261 3792 gem
2291 3732 2701 3783 consecratum
2731 3744 2883 3797 esse,
2916 3735 3252 3790 astantibus
3280 3738 3590 3810 Francia,
3635 3744 3813 3801 Bur-

2123 3813 2362 3880 gandiae
2406 3821 2460 3870 et
2502 3818 2844 3887 Aquitaniae
2909 3822 3391 3894 archiepiscopis,
3450 3832 3509 3882 et
3568 3833 3815 3903 viginti

2123 3900 2350 3956 duobus
2372 3904 2678 3974 episcopis.

2121 3985 2233 4057 (10)
2244 3988 2486 4058 Scripta
2497 3997 2707 4060 patent
2722 3996 2973 4053 celebres
2986 4014 3117 4070 qua
3127 4003 3374 4060 mittunt
3383 4006 3806 4069 Crotoniatae.

2192 4074 2235 4144 [*
2255 4074 2355 4129 Hic
2383 4076 2566 4133 haeret
2597 4081 2874 4139 Valesius.
2912 4088 3129 4142 Notum
3149 4094 3238 4145 est
3279 4093 3676 4153 Crotoniatas
3715 4117 3812 4156 ce-

2119 4161 2312 4219 lebres
2344 4164 2675 4224 admodum
2704 4172 2955 4229 athletas
2986 4174 3188 4248 fuisse,
3219 4194 3342 4235 non
3393 4181 3542 4237 item
3612 4188 3813 4262 scrip-

2119 4257 2295 4320 tores,
2322 4254 2398 4310 de
2426 4257 2648 4328 quibus
2678 4260 2772 4315 hic
2803 4261 3005 4319 forsan
3037 4267 3250 4336 agitur.
3284 4269 3487 4343 8000.]

2119 4341 2228 4413 (11)
2258 4344 2533 4401 Rusticus
2553 4349 2879 4422 ille,piger,
2895 4354 3179 4423 deformis
3201 4365 3257 4413 et
3296 4341 3573 4431 undique
3592 4370 3810 4437 turpis

360 4439 679 4511 patetquaa
707 4441 865 4502 dicta
894 4453 1034 4505 sunt
1076 4450 1138 4507 in
1193 4432 1425 4514 Monito:
1473 4432 1714 4519 Iuvenis
1760 4432 2006 4539 quidem
2035 4432 2080 4486 Β
2117 4432 2384 4539 PIT-Mf
2408 4442 3076 4539 cumﬂeﬁmisﬁi‘ﬁu"
3097 4448 3266 4539 "(me
3290 4463 3538 4539 εἶθνοηαο

361 4523 650 4616 Robertus
673 4543 834 4588 anno
858 4537 963 4591 998
992 4537 1107 4595 dici
1129 4543 1321 4613 potuit
1352 4564 1365 4614 ;
1400 4552 1462 4603 at
1513 4523 1830 4612 verisimiie
1877 4523 2006 4616 non

359 4615 448 4668 est
465 4614 932 4717 ‘Adalberonem,
960 4627 1064 4698 qui
1085 4645 1246 4717 anno
1277 4632 1411 4689 1027
1457 4638 1656 4696 adhuc
1707 4614 2005 4717 superstes

358 4704 512 4803 erat;
534 4718 696 4761 anno
726 4710 828 4765 998
846 4711 910 4767 in
937 4717 1097 4771 senio
1118 4716 1344 4776 dictum
1382 4721 1582 4781 fuisse.
1619 4704 1817 4803 Βουοῖ]

358 4787 431 4858 (8)
452 4790 676 4879 Forma
701 4811 882 4867 super
906 4813 1149 4861 cunctos
1178 4808 1343 4864 nobis
1368 4815 1629 4879 speciosa
1658 4787 1908 4879 videtur.

428 4878 630 4970 Fuisse
658 4884 1025 4960 Rotbertum,
1072 4892 1155 4948 ait
1205 4878 1541 4969 Helgaldus,
1582 4911 1816 4966 statura

354 4967 539 5036 uenti,
560 4970 758 5038 plana
787 4979 1050 5044 caesarie,
1083 4994 1189 5034 seu
1228 4985 1400 5040 rectis
1446 4967 1692 5063 capillis,
1753 5002 2000 5058 naribus

341 5058 639 5149 porrectis
667 5064 723 5114 et
735 5064 988 5131 patulis,
1012 5065 1187 5122 elatis
1223 5069 1504 5148 humeris,
1517 5058 1736 5149 -Γονηὶα
1764 5087 1998 5147 demum

351 5144 591 5245 egregia
614 5160 686 5203 ac
706 5163 844 5205 vere
870 5153 1058 5245 regia.
1082 5156 1255 5245 Itegis
1284 5144 1556 5222 Rotberti
1598 5171 1769 5229 clara
1810 5144 1998 5245 facies

350 5234 407 5283 et
437 5230 607 5289 laetus
637 5242 911 5334 aspectus
935 5255 971 5296 a
1002 5242 1282 5334 Gerberto
1306 5250 1368 5307 in
1422 5256 1688 5326 quadam
1746 5230 1999 5334 epistola

347 5327 780 5379 memorantur.
814 5325 1042 5384 Obesus
1061 5325 1459 5396 nihilominus,
1495 5344 1619 5412 fuit,
1673 5364 1742 5404 ac
1780 5325 1995 5411 ‘ventre

345 5403 589 5463 forsitan
623 5411 808 5480 paulo
835 5416 1206 5489 projectiore,
1231 5423 1311 5481 ita
1364 5431 1563 5486 tamen
1608 5403 1677 5488 ut
1725 5403 1996 5493 "obes—itas

343 5492 549 5598 robori
570 5499 837 5594 corporis
863 5502 1226 5598 agilitatique
1255 5527 1379 5569 non
1427 5517 1707 5592 ofﬁceret,
1766 5524 1816 5579 si
1870 5542 1995 5598 qua

330 5578 736 5639 .Adalberonis
762 5588 955 5646 verbis
984 5578 1176 5653 ﬁdes:

419 5666 697 5735 Quamvis
718 5679 872 5736 male
895 5685 1120 5753 gravis,
1136 5691 1335 5745 tamen
1356 5706 1415 5747 es
1430 5708 1563 5750 cum
1583 5695 1792 5761 robore
1820 5703 1981 5762 levis.

2190 4522 2479 4591 Queritur,
2503 4525 2774 4595 nifallor,
2814 4530 3112 4588 Adalbero
3155 4535 3429 4592 homines
3477 4540 3804 4604 obscuros

2114 4612 2172 4665 et
2188 4609 2503 4683 ignobiles,
2521 4613 2777 4686 desides,
2790 4617 3089 4676 deformes
3105 4629 3162 4678 et
3177 4640 3426 4697 corpore
3442 4629 3803 4709 animoque

2114 4697 2377 4771 vitiosos,
2406 4699 2656 4757 abbates
2676 4704 2824 4772 ﬁeri,
2848 4712 2905 4761 et
2923 4709 3099 4765 mitra
3119 4712 3446 4785 episcopali
3505 4697 3804 4787 gemma-

2112 4784 2175 4836 ta
2238 4781 2340 4876 uti,
2391 4800 2605 4877 .
2665 4803 2773 4859 per
2824 4790 3082 4848 ironiam
3140 4781 3421 4854 coronam
3482 4781 3800 4877 appellat.

2113 4866 2195 4949 lio
2252 4865 2561 4939 privilegio
2584 4869 2715 4940 jam
2778 4876 2908 4929 tum
2967 4877 3218 4949 quidam
3296 4865 3598 4940 abbate-3‘
3634 4889 3805 4948 frue

2110 4947 2342 5037 bantur
2358 4953 2569 5037 ;-quod
2592 4953 2913 5037 jusmitraa
2934 4947 3193 5018 ferendae
3236 4969 3443 5037 postea
3491 4947 3801 5032 Urbanus

2109 5042 2273 5099 papa
2303 5032 2345 5083 ll
2370 5030 2607 5101 Hugoni
2631 5033 2833 5091 abbati
2856 5030 3258 5109 Cluniacensi,—
3269 5059 3433 5100 anno
3470 5046 3623 5106 1088
3649 5030 3806 5112 con;

2284 5118 2546 5214 Valesius
2573 5121 2842 5214 intelligit
2870 5126 3107 5214 mitram
3134 5130 3524 5206 abbatialem,
3593 5156 3805 5214 quam

2111 5197 2605 5292 ab‘i‘gnobilibus,
2636 5205 2750 5292 hoc
2781 5214 2960 5292 estex
2977 5210 3189 5270 intima
3214 5214 3388 5286 plebe
3409 5197 3653 5292 electis,

2108 5276 2348 5334 batibus
2370 5285 2664 5351 gestatam
2722 5284 2901 5342 fuisse
2960 5276 3316 5363 suspicatur.
3376 5297 3495 5353 Sed

2108 5365 2199 5420 vir
2221 5366 2599 5427 doctissimus
2632 5391 2645 5441 ;
2678 5375 2878 5431 nullus
2903 5378 3063 5435 enim
3092 5382 3393 5440 invenitur
3421 5387 3638 5449 abbas
3701 5400 3807 5456 cui

2108 5460 2427 5503 concessus
2452 5450 2626 5506 fuerit
2655 5454 2844 5510 mitrae
2875 5473 3041 5525 usus,
3076 5468 3211 5517 ante
3236 5463 3623 5542 Egelsinum,
3659 5494 3803 5534 ωο-

2107 5535 2347 5590 nasterii
2374 5538 2570 5592 Sancti
2600 5545 2917 5610 Augustini
2933 5563 3121 5619 prope
3155 5555 3549 5613 Gantuariam
3594 5535 3805 5624 abba-

2108 5625 2346 5688 tem,cui
2359 5624 2692 5683 Alexander
2705 5632 2748 5685 II
2763 5632 2825 5686 id
2841 5634 3132 5707 privilegii
3144 5638 3577 5714 impertivit,ob
3594 5654 3801 5722 ipsius

2105 5707 2336 5765 scilicet
2361 5711 2763 5771 Romanorum
2794 5718 3029 5777 alumni
3049 5727 3107 5777 et
3137 5707 3488 5795 Anglorum
3512 5707 3805 5813 apostoli
