3878 6388
3 311 9 322 ’
47 311 158 362 793

1063 317 1359 372 -CARMEN
1401 319 1498 372 AD
1537 313 1911 372 ROBERTUM
1950 314 2186 372 REGEM
2225 319 2447 374 ΝΟΤᾹΞ.

3369 321 3472 374 794

46 431 378 501 dignatem.
421 433 523 488 Hic
578 450 722 489 usus
778 440 1006 491 tantum
1057 437 1413 510 frequentari
1471 445 1700 511 emptus
1741 443 1789 493 Α
1816 455 2074 510 pompas.
2106 462 2130 488 ››
2165 441 2282 495 Hac
2314 441 2373 495 in
2396 455 2456 495 re
2490 440 2789 496 Christum
2815 441 3133 495 Dominum
3183 441 3467 508 imitatur,

49 521 294 576 Urbano
329 526 368 576 ll
402 523 703 594 pontiﬁce,
736 526 839 596 qui
873 526 1030 581 idem
1072 527 1447 599 privilegium
1506 529 1705 585 Oderi-

45 608 141 664 sio
202 611 509 666 Casinensi
566 617 622 667 et
673 615 904 682 Hugoni
960 615 1331 671 Cluniacensi
1389 617 1707 672 abbatibus

41 699 303 768 largitus
334 705 439 755 est.
472 700 515 748 Υ
524 701 618 755 ide
649 703 1055 759 Mabillonium
1088 705 1146 759 in
1178 707 1403 776 praefat.
1438 703 1496 761 in
1524 722 1540 758 1
1570 699 1706 778 par-

45 794 172 843 tem
207 789 405 843 saeculi
428 807 504 856 v1,
539 792 834 847 Benedict.
864 797 890 859 ᾖ
924 797 1007 847 IV.

43 878 60 946 ζ
76 883 96 932 1
110 879 163 948 ἐξ)
191 879 359 934 Juris
391 882 630 935 cutodes
653 891 871 951 cog-unt
900 890 1147 952 portare
1177 887 1448 939 cucullas
1475 901 1495 939 .’

43 964 258 1034 Orent,
288 967 598 1036 inclinent,
633 975 868 1026 taceant
907 974 1221 1043 vultusque
1249 980 1559 1042 reponant.

125 1055 404 1123 Cucutla,
439 1060 652 1126 oratio,
682 1061 889 1132 capitis
911 1061 968 1115 in
987 1078 1056 1116 ea
1079 1069 1133 1116 et
1155 1063 1418 1135 corporis
1447 1064 1702 1118 inclina-

42 1144 154 1210 tio,
189 1148 293 1199 aut
317 1145 486 1200 humi
529 1152 841 1220 prostratio
895 1151 971 1205 ad
1015 1151 1490 1206 benedictionem
1549 1152 1700 1206 acci-

39 1233 356 1304 piendam,
388 1237 710 1307 silentium,
746 1239 1058 1294 oculorum
1091 1241 1388 1312 totiusque
1428 1241 1545 1295 oris
1597 1242 1698 1296 de-

38 1321 254 1376 missio
280 1322 673 1380 claustrorum
699 1333 835 1382 sunt
856 1330 1287 1400 monachisque
1318 1330 1694 1384 conveniunt.

37 1409 397 1478 Indignatur
422 1428 562 1483 ergo
593 1414 887 1470 Adalbero
945 1418 1262 1488 optimates
1317 1422 1693 1484 Francorum,

37 1502 228 1570 atque
249 1498 410 1570 ipsos
441 1500 592 1556 adeo
623 1504 888 1559 custodes
909 1507 1092 1574 juris,
1127 1523 1230 1560 seu
1253 1507 1561 1578 praefectos
1605 1523 1697 1560 ur-

35 1586 237 1653 bium,
271 1604 424 1659 quos
449 1588 711 1646 historici
761 1593 944 1647 nostri
1002 1594 1337 1665 promiscue
1395 1610 1430 1648 a
1472 1590 1694 1664 duplici

38 1692 294 1732 munere
343 1678 635 1735 militandi
705 1682 1136 1755 judicandique
1202 1699 1360 1738 nunc
1428 1682 1694 1744 comites,

1814 531 1920 598 qui
1943 531 2180 596 inﬁrma
2203 532 2415 584 mundi
2439 532 2634 599 elegit,
2661 536 2727 584 ut
2774 531 3108 599 confundat
3160 532 3373 599 fartia,
3421 531 3482 601 (Ι

1816 618 1950 671 Cor.
1985 634 2020 683 ι,
2049 622 2160 687 27).
2192 620 2318 682 Qua
2340 619 2413 672 de
2438 636 2498 673 re
2527 635 2710 674 causa
2736 619 2914 673 etiam
2971 619 3256 690 primates
3298 620 3468 688 regni

1814 705 1998 781 sensit
2024 706 2350 777 plurimum
2381 714 2785 778 contumaces,
2839 708 2961 780 qui,
3009 708 3304 780 despectis
3363 711 3470 764 hu-

1811 793 2080 857 milibus,
2116 795 2203 849 sui
2236 796 2458 850 similes
2494 797 2791 866 eligebant
2823 797 3140 868 superbos.
3199 799 3328 852 Non
3379 815 3470 852 so-

1809 883 1903 936 lus
1937 900 2078 952 ergo
2127 885 2444 955 Adalbero,
2504 887 2604 940 sed
2663 886 2930 958 plerique
2989 887 3156 955 regni
3202 885 3470 942 Francici

1753 997 1756 1002 -
1811 971 2126 1041 optimates
2156 973 2269 1026 hoc
2300 973 2361 1026 in
2404 973 2679 1028 Rotberto
2735 974 3256 1045 reprehendebant
3287 980 3466 1046 atque

1809 1059 2200 1115 damnabant.
2237 1066 2399 1117 Certe
2428 1079 2597 1132 reges
2621 1068 2857 1118 nostros
2893 1069 2954 1117 ut
2974 1063 3284 1134 probitatis
3339 1079 3469 1118 mo-

1808 1163 1941 1200 rum
1965 1165 2033 1202 ac
2063 1149 2415 1220 prudentiae,
2452 1151 2529 1205 ita
2573 1156 2629 1205 et
2677 1152 3007 1206 nobilitatis
3061 1151 3120 1205 in
3180 1150 3467 1220 eligendis

1807 1237 2102 1309 episcopis
2132 1240 2416 1294 habuisse
2449 1241 2740 1295 rationem
2771 1241 2988 1295 docent
3012 1246 3242 1295 veteres
3283 1241 3466 1294 histo—

1805 1326 1907 1379 rici
1940 1329 2143 1393 nostri,
2177 1329 2394 1383 docent
2427 1329 2560 1383 Vitae
2596 1334 2938 1384 sanctorum
2969 1329 3325 1398 antistitum,
3358 1327 3464 1382 do-

1805 1420 1937 1469 cent
1967 1416 2184 1486 priscee
2213 1418 2472 1472 Marculti
2505 1418 2819 1472 Formulze.
2850 1421 2962 1472 Nec
2999 1418 3078 1472 ob
3109 1417 3272 1471 daliu
3306 1416 3465 1470 The-

1805 1519 1997 1573 ganus
2029 1508 2309 1570 Francus,
2340 1507 2430 1560 vir
2455 1506 2689 1575 nobilis,
2721 1507 2880 1561 dolet
2935 1512 2989 1561 et
3046 1506 3314 1578 queritur
3346 1522 3456 1560 sua

1805 1597 1969 1646 aetate
2000 1609 2074 1648 ex
2094 1596 2394 1648 vilissimis
2425 1597 2626 1657 servis,
2657 1595 3068 1665 caprariorum
3114 1593 3247 1647 ﬁliis
3291 1594 3351 1647 in
3398 1593 3467 1647 li~

1803 1680 2092 1736 bertatem
2115 1683 2370 1749 assertis,
2403 1699 2660 1738 smnmos
2705 1685 3011 1751 pontiﬁces
3051 1684 3204 1750 ﬁeri.
3253 1682 3463 1736 Omnes

36 1778 208 1818 nunc
231 1765 462 1835 judices
494 1770 818 1842 appellant,
851 1772 927 1827 ab
967 1773 1286 1828 abbatibus
1343 1790 1450 1845 per
1506 1771 1696 1827 ambi-
1732 1794 1773 1849 Β
1807 1787 1989 1825 unum
2019 1779 2158 1826 sunt
2187 1774 2248 1827 in
2269 1773 2507 1828 Christo
2531 1776 2692 1828 .lesu.
2725 1775 2856 1827 Non
2907 1779 2991 1828 est
3028 1788 3229 1827 servus
3278 1787 3465 1842 neque

39 1853 272 1908 tionem
305 1860 360 1910 et
389 1859 700 1914 avaritiam
728 1861 771 1929 ['
801 1861 897 1916 alii
930 1862 1147 1931 dicent,
1175 1879 1280 1934 per
1329 1863 1588 1917 studium
1639 1861 1694 1914 in

35 1941 299 1999 salutem
335 1946 694 2015 animarum,
729 1956 782 2004 et
812 1950 976 2005 laudi
1006 1957 1228 2007 vertent
1255 1953 1425 2022 Bero]
1487 1966 1694 2005 mona-

34 2033 189 2087 chos
220 2033 366 2105 ﬁeri,
399 2041 453 2091 et
492 2039 622 2109 pios
653 2040 927 2095 homines
951 2059 1017 2096 ac
1048 2042 1342 2114 simplices
1376 2042 1452 2096 ab
1483 2041 1568 2096 cis
1619 2040 1696 2094 ad

35 2124 438 2181 mutationem
471 2127 601 2182 vita:
643 2131 940 2202 vestisque
973 2132 1269 2203 compelli.
1303 2133 1482 2202 Cujus
1505 2136 1694 2184 muta-

35 2213 239 2280 tionis,
261 2223 546 2285 regnante
578 2219 1142 2290 Rotberto,insignia
1175 2222 1468 2276 habemus
1500 2237 1694 2275 exem-

34 2302 226 2373 plain
268 2305 534 2361 Arnoldo
599 2309 810 2364 comite
861 2311 1310 2378 Engolismensi,
1369 2315 1425 2365 et
1461 2310 1520 2365 in
1552 2312 1693 2364 Bur-

34 2391 267 2447 chardo
290 2394 501 2449 comite
531 2397 784 2452 Corboili
814 2403 991 2470 atque
1022 2399 1331 2466 Meloduni,
1357 2400 1460 2471 qui
1491 2416 1562 2452 ex
1593 2415 1691 2454 co-

33 2480 286 2536 mitibus
339 2485 617 2540 monachi
678 2485 815 2541 facti
867 2493 1020 2542 sunt.
1055 2489 1166 2543 Sed
1192 2493 1247 2542 et
1277 2494 1451 2543 antea
1483 2487 1690 2541 Willel-

33 2586 201 2636 mus,
233 2572 590 2639 cognomine
621 2577 809 2647 Caput
835 2582 1041 2648 stupie,
1077 2577 1199 2631 dux
1252 2577 1582 2648 Aquitaniae
1638 2581 1692 2630 et

37 2658 417 2714 Pictavorum
498 2678 719 2733 comes,
805 2663 864 2718 in
921 2664 1267 2719 Pictaviensi
1324 2664 1691 2719 monasterio

37 2747 241 2803 Sancti
270 2748 546 2820 Cypriani
574 2752 970 2807 monasticam
996 2753 1178 2808 vitam
1211 2753 1514 2825 professus
1545 2758 1688 2820 erat,

32 2835 256 2890 deinde
283 2836 342 2890 in
372 2840 799 2895 monasterium
833 2841 1025 2896 Sancti
1056 2843 1324 2896 Maxentii
1355 2843 1689 2911 transierat,

31 2924 139 2978 ubi
171 2925 328 2980 circa
350 2942 577 2982 annum
605 2933 705 2985 963
734 2930 945 2985 dicitur
971 2931 1206 2986 obiisse.

32 3012 147 3082 (13)
178 3013 348 3068 Nudi
373 3017 679 3085 pontiﬁces
711 3025 986 3074 aratrum
1014 3021 1140 3075 sine
1166 3021 1287 3086 ﬁne
1340 3026 1687 3089 sequantur.

31 3100 329 3156 Carmina
359 3117 494 3158 cum
522 3105 763 3159 stimulo
789 3107 978 3174 primi
1001 3107 1300 3161 cantando
1323 3108 1617 3175 parentis.

105 3186 265 3242 Nudi
315 3189 626 3261 pontiﬁces
682 3197 1010 3263 sequantur
1065 3198 1330 3248 aratrum
1374 3199 1429 3248 et
1503 3194 1688 3248 boves

31 3291 175 3330 cum
209 3275 469 3348 stimulo,
509 3284 815 3335 cantantes
867 3281 1135 3337 carmina
1179 3281 1354 3354 primi
1405 3282 1686 3353 parentis,

29 3364 322 3436 paradiso
352 3367 600 3438 expulsi.
635 3368 728 3423 His
748 3369 945 3424 verbis
977 3369 1274 3425 invehitur
1304 3370 1598 3425 Adalbero
1631 3371 1690 3424 in

30 3453 308 3523 abbates,
341 3455 443 3526 qui
472 3458 675 3511 omnia
705 3473 856 3529 pene
881 3458 1138 3527 insignia
1169 3464 1225 3513 et
1268 3460 1407 3529 jura
1462 3460 1690 3531 episco—

29 3542 198 3614 palis.
230 3543 342 3598 sibi
367 3544 754 3612 vindicarent,
785 3547 1220 3618 episcoposque
1250 3548 1446 3602 nudos
1514 3554 1691 3618 atque

32 3632 344 3704 spoliatos,
380 3633 583 3705 aliqua
609 3651 679 3689 ex
713 3641 876 3707 parte
901 3637 1126 3691 honore
1163 3643 1218 3691 et
1256 3636 1526 3692 felicitate
1584 3653 1693 3692 sua

29 3721 410 3790 dejecissent,
444 3728 500 3777 et
520 3723 866 3779 humiliores
886 3725 1270 3795 redegissent.
1306 3726 1441 3796 [Ἅι]
1475 3725 1693 3781 alicubi

27 3810 250 3878 legitur
272 3811 586 3884 episcopos
613 3813 692 3868 ab
719 3813 1041 3869 abbatibus
1071 3819 1127 3869 et
1155 3815 1330 3869 bonis
1364 3820 1419 3869 et
1467 3815 1693 3870 honore

31 3898 327 3971 spoliatos
357 3901 560 3970 fuisse,
596 3906 659 3956 ut
682 3903 778 3958 hic
831 3903 1116 3975 supponit
1163 3903 1480 3958 adnotator
1507 3905 1533 3958 ?
1582 3905 1694 3961 Sed

25 4003 192 4059 quos
220 4003 342 4043 non
364 3998 546 4056 amat,
574 3989 685 4044 hos
715 3991 974 4063 pessime
1001 3992 1176 4046 videt.
1211 3993 1412 4062 BorQ.]

29 4078 144 4148 (14)
175 4077 466 4133 Prmsulis
489 4085 542 4134 et
563 4082 616 4134 si
637 4082 799 4149 forte
832 4088 992 4137 vacet
1021 4083 1206 4150 locus,
1259 4083 1698 4138 intronizentur

25 4168 315 4222 Pastores
343 4169 558 4234 ovium,
593 4175 816 4237 nautae,
847 4172 1185 4240 quicunque
1212 4173 1288 4225 sit
1320 4173 1440 4226 ille.

103 4255 275 4310 Ridet
296 4256 541 4327 quidem
572 4258 889 4324 Adalbero,
915 4259 1018 4314 sed
1049 4260 1301 4314 ridendo
1361 4261 1556 4316 dicere
1607 4277 1698 4316 ve-

20 4361 168 4400 rum
206 4344 290 4398 nil
319 4350 480 4401 vetat
507 4364 520 4414 ;
553 4351 609 4401 et
637 4346 984 4417 indignatur
1004 4348 1092 4402 vir
1147 4348 1364 4403 nobilis
1420 4350 1694 4404 homines

23 4434 212 4506 plane
241 4433 556 4503 ignobiles,
587 4436 885 4506 pudendis
916 4453 984 4491 ac
1015 4437 1316 4491 vilissimis
1347 4439 1694 4509 parentibus

21 4528 229 4588 natos,
254 4522 467 4577 divinae
499 4522 646 4593 legis
669 4541 738 4579 ac
774 4541 1084 4580 sacrorum
1114 4526 1404 4580 librorum
1428 4529 1690 4595 ignaros,

21 4627 282 4684 prorsus
305 4614 677 4684 ἀγραμμάτους
709 4618 795 4664 καὶ
837 4613 1228 4685 άναλφαϐήτους
1280 4631 1314 4669 a
1371 4632 1506 4684 rege
1559 4620 1691 4671 μοι-

20 4703 202 4755 luet-to
236 4699 313 4754 ad
337 4701 677 4772 episcopale
708 4703 904 4756 extolli
956 4704 1282 4773 fastigium.
1343 4705 1512 4768 Quod
1563 4706 1692 4760 Gla-

20 4789 473 4858 berRodulfus,
521 4791 924 4846 Cluniacensis
967 4794 1386 4861 monachus,a
1441 4795 1693 4849 Roberto

22 4879 157 4933 tieri
185 4879 569 4933 consuevisse
592 4880 670 4933 ita
702 4880 903 4934 scribit
933 4886 995 4934 ut
1036 4897 1237 4949 regem
1292 4881 1371 4936 ob
1407 4882 1466 4936 id
1516 4883 1694 4938 laude

19 4961 465 5031 dignissimum
491 4963 739 5032 judicet.
774 4963 1009 5018 Rodulﬁ
1037 4964 1095 5019 in
1125 4965 1258 5019 libri
1301 4966 1691 5022 Historiarum

22 5069 115 5120 in,
152 5049 422 5122 capitulo
455 5056 507 5116 2,
541 5052 615 5106 de
646 5053 922 5108 Rotberto
951 5069 1088 5123 rege
1120 5056 1485 5108 Francorum
1513 5058 1694 5112 verba

15 5144 157 5195 haec
185 5141 327 5192 sunt
353 5156 366 5193 :
402 5162 427 5186 «
460 5139 560 5194 Hic
585 5139 788 5211 itaque
814 5156 939 5210 rex,
971 5146 1036 5196 ut
1065 5143 1535 5214 sapientissimus
1597 5147 1693 5199 Dei

15 5228 244 5296 cultor,
275 5242 512 5298 semper
561 5227 669 5283 fuit
727 5229 1047 5285 humilium
1096 5236 1348 5301 amator,
1405 5230 1692 5301 superbo-

14 5333 310 5388 rumque,
344 5323 408 5371 ut
437 5316 643 5386 valuit,
670 5333 827 5373 osor.
865 5319 920 5374 Si
949 5336 1072 5391 qua
1130 5321 1290 5375 enim
1338 5319 1693 5391 pontificalis

15 5408 202 5463 sedes
233 5405 296 5459 in
329 5421 438 5460 suo
475 5421 661 5475 regno
719 5407 964 5479 prOprio
1012 5409 1358 5465 viduaretur
1414 5410 1689 5481 pI‘tBSule,

15 5512 172 5551 cura
203 5493 256 5549 ei
284 5498 410 5548 erat
440 5494 708 5549 maxima
738 5499 804 5549 ut
831 5497 988 5550 utilis
1020 5503 1246 5568 pastor,
1295 5499 1427 5553 licet
1478 5514 1690 5567 genere

13 5586 276 5642 inﬁmus
310 5585 406 5649 (de
439 5600 548 5638 suo
580 5584 747 5638 addit
775 5585 1061 5646 Valesius,
1094 5589 1308 5643 diuinae
1328 5591 1470 5657 legis
1499 5604 1693 5642 sacro—

15 5689 286 5745 rumque
318 5673 605 5727 librorum
637 5675 886 5742 ignarus
918 5678 1332 5730 restitueretur
1367 5679 1686 5741 Ecclesize),

13 5763 234 5840 potius
265 5776 455 5834 quam
484 5759 701 5817 nobilis
729 5759 1042 5830 eligeretur
1069 5778 1330 5834 persona
1387 5764 1687 5820 saecularis

1809 1861 1956 1915 liber
1980 1862 2134 1915 (Gal.
2170 1878 2247 1925 ιιι,
2281 1865 2391 1930 28).
2430 1865 2486 1914 In
2512 1860 2690 1914 rebus
2717 1876 2856 1928 ergo
2892 1860 3073 1915 sacris
3099 1860 3202 1930 qui
3252 1860 3462 1912 virtute

1805 1954 2045 2018 praestat
2065 1953 2121 2002 et
2147 1949 2438 2015 doctrina,
2482 1949 2529 2002 is
2578 1954 2664 2002 est
2696 1948 3119 2019 prteferendus.
3180 1947 3464 2002 Nobilitas

1805 2036 2191 2090 anteferenda
2222 2039 2457 2090 tantum
2489 2040 2595 2103 est,
2624 2036 2848 2090 caeteris
2882 2035 3147 2107 paribus.

1803 2145 1909 2214 (15)
1944 2145 2020 2196 Et
2051 2143 2263 2197 studiis
2294 2159 2464 2213 quem
2495 2159 2600 2197 nec
2616 2144 3042 2198 constrinxerit
3064 2157 3186 2196 una
3208 2142 3462 2195 dierum.

1874 2249 1983 2314 Qui
2012 2265 2086 2303 ne
2118 2265 2239 2303 uno
2272 2249 2518 2320 quidem
2548 2249 2641 2303 die
2671 2249 2980 2303 studuerit.

1804 2355 2339 2426 (16)Alphabetum
2366 2358 2561 2424 sapiat
2590 2357 2774 2424 digito
2832 2361 3065 2410 tantum
3124 2367 3463 2409 numerare.

1876 2461 2030 2517 Sciat
2063 2467 2291 2516 tantum
2328 2463 2560 2517 litteras
2593 2468 2939 2530 computare
2961 2477 3074 2529 per
3095 2461 3312 2530 digitos
3334 2473 3467 2512 san-

1802 2553 1930 2604 ctus
1959 2549 2274 2614 Adalbero,
2307 2555 2370 2603 ut
2393 2555 2602 2604 auctor
2655 2549 3003 2619 Panegyrici
3054 2549 3127 2602 de
3181 2545 3466 2600 laudibus

1805 2638 2137 2707 Berengarii
2167 2638 2436 2706 Augusti,
2470 2654 2538 2692 ac
2570 2637 2742 2692 multi
2773 2637 2872 2710 alii
2904 2636 3082 2690 etiam
3112 2637 3465 2690 vetustiores

1802 2743 1910 2799 pro
1934 2729 2086 2782 scire
2130 2727 2442 2793 dixerunt;
2473 2732 2528 2780 et
2576 2741 2684 2797 pro
2736 2725 2913 2780 docto
2966 2725 3342 2795 sapientem:
3400 2726 3467 2775 ut

1805 2815 2103 2886 hodieque
2135 2815 2280 2868 scire
2313 2813 2406 2868 vel
2450 2813 2630 2882 vulgo
2678 2830 2857 2868 nosse
2915 2814 3114 2868 savoir
3164 2828 3200 2866 a
3252 2824 3462 2881 sapere

1802 2905 2056 2960 dicimur
2086 2924 2098 2972 ;
2140 2905 2385 2959 doctum
2415 2911 2651 2970 savant,
2685 2904 2798 2957 hoc
2821 2909 2908 2957 est
2939 2902 3270 2974 sapientem
3310 2915 3460 2954 nun-

1803 3010 2119 3065 cupamus,
2153 2999 2209 3048 et
2233 2994 2463 3048 merito.
2497 2997 2646 3048 Nam
2674 2992 2785 3046 nisi
2832 2992 2892 3045 in
2941 2991 3269 3062 sapientem
3325 2989 3463 3042 doc-

1805 3084 1956 3138 trina
1988 3100 2110 3138 non
2141 3083 2316 3138 cadit.
2363 3083 2406 3152 ['
2439 3085 2730 3136 Verumne
2783 3082 2854 3136 sit
2899 3080 3108 3135 Valesii
3165 3083 3463 3134 assertum

1723 3146 1764 3202 Ο
1797 3172 2068 3242 judicent
2097 3171 2213 3227 alii.
2253 3146 2446 3240 Bono]

1802 3280 1914 3347 (17)
1944 3279 2027 3331 Hi
2049 3292 2324 3346 proceres
2353 3291 2373 3345 ,'
2394 3282 2787 3345 praeceptores
2816 3277 2920 3330 hos
2949 3275 3207 3329 mundus
3229 3272 3459 3334 adoret,

1800 3367 1875 3421 Et
1906 3369 2068 3436 iuret
2100 3372 2162 3420 ut
2195 3367 2447 3421 celebres
2481 3381 2586 3420 nec
2654 3379 2818 3434 reges
2847 3365 3246 3432 excipiantur.

1875 3472 2040 3528 Tales
2095 3473 2382 3543 episcopi,
2443 3476 2564 3525 tam
2622 3469 2936 3539 ignobiles,
2991 3476 3110 3523 tam
3183 3464 3459 3533 illiterati,

1805 3563 1921 3616 sint
1947 3577 2223 3633 proceres
2281 3559 2469 3628 regni,
2525 3560 2676 3612 inter
2727 3559 3041 3630 optimates
3095 3559 3461 3610 Francorum

1805 3651 1981 3722 primi
2014 3649 2363 3704 consideant
2392 3647 2592 3702 debito
2625 3646 2918 3718 episcopis
2939 3645 3090 3699 loco.
3122 3644 3187 3698 Hi
3214 3642 3290 3696 ab
3335 3657 3465 3695 om—

1805 3740 1983 3794 nibus
2013 3754 2122 3810 pro
2167 3736 2636 3809 praeceptoribus
2694 3735 3049 3799 habeantur,
3108 3732 3459 3795 saluteutur,

1804 3847 1878 3885 ne
1906 3827 2240 3883 celebribus
2267 3826 2514 3898 quidem
2544 3826 2785 3894 regibus
2816 3823 3096 3895 exceptis,
3121 3822 3236 3876 hoc
3284 3824 3389 3883 est,
3425 3834 3464 3873 a

1805 3922 1858 3972 te
1891 3918 2068 3971 etiam
2097 3916 2253 3987 ipso,
2288 3915 2580 3983 Botberte,
2626 3915 2718 3986 qui
2749 3929 2850 3967 eos
2880 3912 3168 3966 antistites
3214 3908 3461 3977 elegisti,

1805 4007 2130 4062 adorentur
2161 4010 2216 4059 et
2237 4006 2623 4059 honorentur.

1804 4114 1917 4184 (18)
1950 4113 2179 4182 [tegula
2209 4113 2260 4165 si
2280 4112 2512 4167 stabilis
2544 4111 2746 4165 divum
2760 4111 3164 4180 permanserit
3187 4110 3326 4178 ista,

1802 4203 2164 4271 Disciplina,
2196 4202 2384 4271 vigor,
2417 4206 2526 4255 etc.

1875 4311 2103 4378 Regula
2134 4309 2336 4362 divum
2371 4326 2382 4361 :
2413 4306 2618 4375 regula
2656 4322 2886 4374 regum,
2947 4303 3155 4372 regula
3203 4301 3463 4356 Rotberti

1802 4397 2106 4470 principis.
2132 4396 2263 4450 Vult
2291 4396 2486 4450 dicere
2517 4394 2817 4449 Adalbero
2846 4411 2857 4447 :
2894 4393 2942 4447 si
2965 4394 3123 4447 hanc
3173 4389 3466 4461 pernicio-

1725 4496 1769 4548 D
1803 4502 1933 4540 sam
1954 4484 2248 4553 regulam,
2281 4484 2329 4536 si
2354 4484 2516 4537 hunc
2541 4498 2772 4536 morem
2814 4497 3049 4534 servare
3081 4481 3137 4533 in
3171 4476 3463 4545 eligendis

1801 4572 2059 4641 indignis
2089 4571 2387 4642 episcopis
2408 4587 2510 4623 rex
2542 4569 3088 4640 perseveraverit,et
3118 4567 3376 4622 ecclesiae
3405 4569 3465 4618 et

1803 4662 2164 4730 reipublicae,
2197 4675 2301 4714 seu
2331 4674 2535 4726 regno,
2563 4661 2922 4712 Francorum
2947 4655 3276 4728 plurimum
3297 4652 3464 4708 noci-

1803 4756 2023 4806 turum.

1803 4857 1909 4926 (19)
1941 4856 2192 4923 Legibus
2223 4855 2550 4920 exstinctis,
2583 4855 2643 4907 in
2668 4867 2820 4921 pace
2847 4853 3082 4919 sepulta
3111 4851 3385 4920 quiescet.

1878 4964 1967 5020 Sic
1998 4962 2392 5034 perscriptum
2424 4966 2552 5015 erat
2583 4979 2596 5015 :
2625 4961 2892 5015 Ducetur
2947 4959 3026 5012 ad
3078 4958 3292 5011 ultima
3349 4972 3462 5027 pro

1802 5059 1863 5109 in
1885 5070 2038 5123 pace
2065 5053 2300 5120 sepulta
2331 5054 2606 5120 quiescet,
2649 5047 2851 5120 qualia
2873 5048 3080 5114 multa,
3114 5045 3301 5116 ipsius
3327 5061 3460 5098 om-

1802 5144 1944 5198 nino
1997 5141 2386 5195 Adalberoms
2451 5136 2847 5207 chirographo
2916 5133 3338 5205 superscripta,
3398 5133 3459 5187 in

1800 5234 1983 5288 hocce
2036 5229 2338 5302 poematio
2395 5226 2806 5299 reperiuntur:
2868 5241 3003 5294 quae
3055 5221 3292 5291 singula.
3349 5238 3459 5277 suo

1801 5322 2085 5394 quodque
2113 5319 2244 5372 loco
2272 5333 2405 5370 sum
2433 5316 2746 5378 relaturus,
2778 5313 2826 5367 si
2858 5317 3057 5367 tamen
3099 5317 3238 5366 sunt
3290 5312 3458 5367 tanti.

1805 5412 1912 5480 (20)
1934 5408 2369 5463 Excluduntur
2399 5412 2454 5459 et
2488 5404 2551 5458 lii
2589 5419 2733 5473 quo;
2759 5404 2890 5458 sola
2918 5404 3166 5457 scientia
3189 5402 3388 5471 comit,

1804 5501 2028 5555 Christi
2052 5511 2357 5552 conservos
2389 5500 2440 5548 et
2467 5509 2611 5563 quos
2641 5494 2936 5561 sapientia
2977 5493 3189 5556 nutrit,
3214 5496 3322 5545 etc.

1875 5589 1972 5641 His
2004 5591 2138 5640 octo
2167 5583 2440 5637 versibus
2469 5581 2766 5635 Adalbero
2788 5581 3011 5635 indicat
3039 5578 3464 5642 Παπαῖος,ὴο-

1800 5694 1908 5731 nos
1952 5681 2007 5730 et
2065 5672 2360 5744 sapientes
2417 5672 2598 5735 viros,
2659 5675 2714 5724 ct
2760 5669 3064 5724 catholicae
3121 5674 3461 5736 satiareque

1801 5761 2104 5828 doctrinae,
2120 5758 2197 5815 ab
2217 5755 2679 5829 episcopatibus,
2699 5771 2737 5812 a
2750 5755 3142 5812 conventibus
3169 5752 3264 5808 vel
3279 5766 3462 5822 syno-
