3878 6402
24 297 135 349 797

1051 300 1337 358 CABMEN
1376 304 1471 358 AD
1507 300 1884 363 ROBER'I'UX
1920 298 2157 361 REGEM
2195 301 2417 365 ΝΟΤΑΞ.

3336 300 3443 367 7“:

26 418 186 489 equi,
220 420 325 476 sed
354 421 610 479 humum
640 423 869 493 pungit.
926 425 1165 481 Mutavit
1192 430 1391 481 autem
1421 431 1477 481 et
1518 427 1679 482 hunc
1708 427 1758 486 Α
1792 424 1976 483 modo
2004 425 2337 485 monachus
2372 444 2385 490 ;
2414 441 2552 485 cum
2582 424 2691 481 iter
2719 422 2892 491 facio,
2937 421 3107 483 miles
3140 441 3155 492 ;
3186 439 3325 485 cum
3379 424 3444 485 in

26 522 267 563 versum
294 508 593 565 Adalbero
614 525 828 582 parum
860 512 971 569 sibi
1003 514 1376 570 satisfaciens
1397 520 1454 570 et
1480 514 1562 570 ita
1592 530 1686 571 su-

26 598 388 671 perscripsit.

24 689 298 743 Saltibus
326 691 672 760 impressam
694 700 973 760 pungunt
1004 696 1272 751 calcaria
1302 701 1547 751 terram.

24 778 141 849 (32)
537 824 549 836 .
562 824 573 836 .
586 822 597 836 .
610 789 901 841 ...terram
927 787 1194 842 calcaria
1220 793 1524 857 pungunt.

29 868 222 938 Coepit
252 884 482 927 summa
506 873 727 939 pedum
760 887 892 928 cum
926 877 1094 929 tortis
1117 878 1355 931 tendere
1383 877 1610 931 rostris.

103 959 409 1015 Saltuatim
436 960 653 1017 incedit
677 964 1052 1035 'monachus,
1108 970 1163 1020 et
1190 969 1406 1021 terram
1439 964 1686 1020 calcari—
1732 1003 1736 1007 ~

26 1047 143 1101 bus
168 1049 399 1119 pungit,
433 1066 570 1105 eum
603 1065 874 1106 summos
904 1053 1088 1123 pedes
1114 1055 1465 1124 protendere
1491 1058 1547 1108 et
1564 1070 1687 1108 ros-

27 1140 121 1191 tra
152 1137 380 1192 tordere
414 1139 591 1210 coepit
618 1156 630 1203 ;
684 1141 973 1211 quoniam
1002 1147 1243 1213 propter
1270 1158 1544 1197 enormes
1572 1141 1688 1197 cal-

26 1241 167 1279 ceos
189 1225 353 1281 aliter
376 1228 659 1298 progredi
698 1245 820 1285 non
864 1234 1077 1301 potest.
1136 1231 1412 1286 0rdcrius
1462 1231 1679 1292 Vitalis,

23 1315 90 1368 in
124 1316 316 1370 Rebus
343 1317 485 1371 anni
530 1322 682 1381 1089,
740 1319 972 1373 calceos
1027 1320 1371 1389 hujusmodi
1403 1320 1685 1375 describit

23 1404 123 1457 his
157 1405 351 1460 verbis
380 1422 391 1460 :
425 1407 663 1461 Sutores
696 1409 757 1462 in
789 1410 1223 1477 calceamentis,
1253 1412 1427 1479 quasi
1462 1410 1682 1463 caudas

22 1496 430 1562 scorpionum,
472 1512 620 1565 quas
654 1499 830 1566 vulgo
858 1500 1127 1567 pigacias
1156 1504 1390 1567 vocant,
1420 1500 1678 1567 faciunt.

23 1584 172 1637 Item
203 1600 215 1639 :
262 1585 387 1638 Viri
412 1587 668 1640 curiales
686 1589 904 1655 pedum
937 1589 1210 1644 articulis
1228 1590 1681 1643 colubrinarum

23 1674 476 1729 similitudinem
511 1678 841 1732 caudarum
860 1679 1193 1746 imponunt,
1222 1678 1313 1733 hae
1346 1695 1485 1747 ergo
1504 1678 1682 1733 veluti

1791 514 2155 573 monasterio
2170 515 2752 585 moror,monachus.
2781 511 2932 578 Quid
2955 527 3051 573 me
3065 511 3397 583 interrogas
3416 513 3444 569 ‘2

1790 602 2026 673 Proprie
2052 605 2387 664 monachus
2419 619 2543 661 non
2575 602 2839 673 sum,sed
2856 604 3036 672 jussu
3061 602 3292 665 domini
3313 603 3448 661 0di-

1795 692 1945 749 tonis
1976 692 2385 749 Cluniacensis
2424 692 2685 759 abbatis,
2715 691 2820 763 qui
2873 706 2982 749 rex
3016 707 3181 753 meus
3210 697 3315 763 est,
3341 694 3450 749 mi»

1793 782 1918 837 lito.
1956 803 1984 829 ››
2015 780 2168 846 Quid
2198 779 2442 836 facetius
2488 778 2807 849 excogitari
2836 783 3028 851 potest
3056 778 3084 841 Ἰ
3115 782 3251 837 Erat
3302 795 3447 851 ergo

1790 869 1886 924 hic
1924 870 2259 925 monachus
2290 869 2634 929 monasterii
2672 868 2848 925 unius
2879 885 2911 923 e
2954 868 3156 931 multis
3199 885 3337 941 qua:
3365 870 3447 929 ab

1792 959 2036 1017 Odilone
2065 976 2172 1032 per
2202 960 2415 1017 Gallias
2446 965 2572 1021 tum
2600 959 2983 1029 regebantur,
3015 963 3077 1015 ut
3126 959 3302 1017 docet
3325 963 3447 1025 loto-

1791 1048 1994 1107 saldus
2021 1050 2375 1115 monachus,
2404 1048 2508 1119 qui
2534 1049 2608 1103 de
2628 1048 2750 1104 vita
2779 1052 2836 1105 et
2882 1047 3196 1105 virtutibus
3253 1049 3447 1111 sancti

1790 1137 2055 1198 Odilonis
2104 1137 2338 1195 abbatis
2372 1137 2557 1193 libros
2585 1141 2699 1193 tres
2721 1136 2799 1193 ad
2829 1137 3196 1208 Stephanum
3223 1136 3450 1208 episco»

1788 1241 1935 1297 pum
1965 1227 2094 1295 ejus
2114 1231 2395 1298 nepotem
2425 1226 2780 1297 composuit.
2817 1228 2931 1281 Hos
2952 1225 3137 1280 libros
3150 1225 3212 1282 in
3234 1224 3447 1281 Codice

1788 1316 2088 1383 Thuaneo,
2113 1316 2397 1375 nimirum
2428 1315 2487 1375 in
2518 1315 2883 1375 Lectionario
2916 1314 3187 1371 Ecclesiae
3210 1313 3447 1384 Lugduv

1788 1403 1992 1458 nensis
2020 1418 2213 1474 nuper
2241 1402 2682 1471 inveni,(lignos
2730 1402 2953 1473 ubique
2978 1401 3094 1471 legi
3119 1419 3133 1469 ;
3164 1418 3319 1474 quos
3347 1405 3445 1457 Pes

1791 1496 1911 1549 trus
1944 1492 2268 1551 Damianus
2299 1491 2359 1545 in
2390 1491 2697 1563 Epitomen
2728 1491 2993 1559 coegisse
3012 1507 3074 1545 se
3092 1490 3297 1553 scribit
3316 1489 3443 1549 sine

1790 1580 2185 1652 appellatione
2213 1596 2419 1637 eorum
2443 1580 2718 1639 auctoris.
2769 1577 2811 1652 [”
2826 1580 3022 1639 Sancti
3056 1579 3321 1639 Odilonis
3348 1579 3443 1643 Vi-

1791 1673 1910 1724 tam
1934 1670 2251 1727 aJotsaldo
2282 1671 2562 1741 scriptam
2619 1670 2807 1727 habes
2838 1670 3002 1742 apud
3036 1669 3441 1733 labillonium

20 1762 234 1817 caudae
266 1764 652 1820 colubrarum
676 1770 730 1819 et
754 1768 1141 1837 scorpionum
1172 1769 1533 1823 terrestrium
1560 1767 1685 1821 vul-
1712 1780 1750 1837 Β
1793 1774 1927 1814 ΞῧΡϐ.
1964 1775 2015 1813 Vl
2055 1760 2328 1820 Benedic.
2363 1764 2583 1831 portet,
2612 1776 2750 1831 pag.
2776 1763 2878 1815 679
2900 1764 2956 1815 et
2973 1775 3141 1831 seqq.
3171 1758 3366 1831 Βουοι]

19 1866 100 1915 go
123 1850 369 1922 pigaciae
398 1852 810 1921 dictanpedum
830 1857 1490 1923 articulis,seusmnmis
1516 1857 1679 1925 pedi-

18 1940 129 1993 bus
156 1940 640 2011 imponebantur,
676 1944 786 1997 hoc
819 1949 907 1998 est
933 1944 1105 1997 fronti
1132 1944 1222 1998 vel
1254 1945 1531 1999 anteriori
1550 1960 1684 2016 par-

14 2029 53 2083 ti
91 2028 429 2084 calceorum
462 2030 877 2086 assuebantur.
914 2036 1107 2097 Quare
1136 2032 1214 2087 ait
1244 2033 1539 2091 Adalbero
1594 2050 1607 2088 :

16 2118 214 2185 C(Ppit
243 2132 471 2173 summa
497 2120 709 2187 pedum
747 2137 879 2175 cum
911 2122 1081 2175 tortis
1113 2122 1351 2177 tendere
1376 2124 1606 2177 rostris.

13 2209 234 2261 Rostra
265 2206 525 2277 appellat
554 2209 663 2262 has
690 2210 914 2263 caudas
945 2209 1289 2265 eolubrinas
1335 2214 1391 2265 et
1415 2210 1682 2282 pigacias

15 2295 359 2350 calceorum
386 2312 420 2350 a
446 2297 829 2353 similitudine
860 2304 1190 2359 rostrorum
1216 2299 1418 2354 avium
1445 2305 1548 2354 aut
1574 2317 1681 2355 na~

15 2382 182 2435 vium
221 2399 233 2435 :
268 2384 481 2448 Quales
536 2388 794 2440 Joannes
846 2387 1176 2442 Dubravius
1225 2388 1404 2442 etiam
1455 2390 1682 2444 calceos

16 2475 308 2525 rostratas
336 2476 527 2527 vocat.
563 2474 665 2528 Hic
693 2475 851 2529 enim
882 2476 941 2529 in
975 2477 1115 2531 Hist.
1164 2476 1495 2545 Boicmicas,
1526 2477 1681 2532 libro

16 2575 97 2613 xx
155 2558 231 2614 de
268 2563 514 2625 Joanne,
561 2579 700 2629 rege
760 2564 1057 2633 Boiemim,
1096 2568 1455 2620 Francorum
1482 2582 1681 2621 mores

16 2649 308 2715 imitante,
341 2650 421 2705 ita
451 2654 627 2707 refert
655 2653 810 2707 circa
844 2670 944 2709 an.
983 2659 1117 2709 1328
1150 2671 1163 2708 :
1199 2676 1225 2703 α
1262 2659 1455 2709 Inerat
1493 2655 1545 2709 ei
1576 2671 1681 2726 pe—

15 2738 291 2801 regrinus
320 2739 559 2795 habitus
583 2741 641 2795 in
673 2743 1033 2797 nutriendris
1066 2743 1273 2805 comis,
1316 2744 1376 2797 in
1407 2744 1679 2798 calcean-

15 2828 108 2880 dis
140 2827 396 2898 pedibus
423 2830 687 2884 rostratis
720 2831 954 2896 calceis,
991 2832 1047 2885 in
1081 2832 1384 2887 vestiendo
1433 2849 1679 2904 corpore

14 2916 273 2986 palliolis
300 2916 397 2971 vix
426 2917 708 2973 dimidias
758 2925 927 2974 nates
964 2920 1317 2985 tegentibus.
1347 2944 1373 2969 »ι
1410 2926 1473 2975 In
1503 2921 1681 2978 Chro-

13 3005 164 3059 nicis
196 3020 288 3059 res
324 3011 518 3074 gestas
548 3007 739 3062 Caroli
768 3011 856 3077 Vl,
894 3012 1253 3064 Francorum
1294 3010 1468 3078 regis,
1501 3010 1682 3064 conti'

12 3092 322 3159 nentibus,
380 3108 536 3165 quze,
571 3109 606 3148 a
637 3095 814 3149 docto
872 3097 1172 3152 monacho
1222 3097 1573 3169 composita,
1619 3095 1681 3150 in
1717 3134 1757 3191 α

14 3180 378 3236 Bibliotheca
415 3182 695 3238 Thuanea
736 3189 1067 3253 servantur,
1124 3185 1249 3239 hzec
1308 3184 1382 3239 de
1442 3184 1678 3240 Francis

10 3271 349 3341 praesertim
376 3270 769 3325 nobilioribus
802 3288 962 3326 anno
998 3277 1132 3327 {396
1165 3272 1490 3344 Nicopolim
1516 3273 1680 3329 obsi-

12 3359 298 3414 dentibus
326 3361 558 3432 reperio
585 3380 598 3415 :
630 3384 655 3411 ι(
692 3362 1047 3417 Vestimenta
1076 3363 1377 3422 timbriata
1399 3369 1458 3419 et
1486 3363 1680 3418 mani~

12 3453 150 3504 cata
207 3449 526 3521 superﬂue,
581 3456 637 3505 et
694 3467 929 3523 semper
975 3452 1382 3509 calceamenta
1426 3458 1681 3508 rostrata

10 3538 405 3608 longitudinis
428 3539 688 3595 duorum
701 3541 925 3612 pedum
948 3545 1003 3595 et
1026 3542 1396 3613 quandoque
1418 3542 1680 3614 amplius

10 3626 383 3694 deferebant,
407 3645 543 3700 quae
562 3629 1040 3701 reprehensibilis
1067 3630 1379 3685 dissolutio
1404 3631 1554 3684 inter
1575 3646 1680 3685 no~

10 3716 163 3770 biles
194 3719 252 3770 et
281 3716 613 3787 specialiter
654 3718 910 3772 Francius
938 3718 1195 3786 vigebat.
1234 3740 1259 3766 η
1286 3721 1431 3773 Tum
1462 3719 1679 3787 adjecit

8 3809 224 3860 auctor
253 3805 327 3859 de
360 3808 596 3861 Francis
613 3807 864 3875 eisdem,
898 3824 1035 3862 cum
1068 3810 1329 3878 Bajazete
1358 3823 1541 3879 quem
1573 3812 1680 3863 Ba.

8 3899 211 3950 satum
231 3898 288 3950 et
314 3896 571 3950 Basitam
598 3902 790 3963 vocat,
826 3897 1181 3968 pugnaturis
1214 3916 1229 3952 τ
1260 3920 1288 3946 ‹‹
1319 3901 1383 3952 Et
1414 3902 1474 3952 ut
1493 3898 1677 3953 levius

5 3979 318 4051 pedestres
347 3986 591 4050 possent
615 3979 908 4045 incedere,
942 3988 1134 4037 rostra
1162 3982 1346 4051 longa
1374 3988 1431 4037 et
1463 3999 1675 4054 super-

3 4068 134 4121 ﬂua
188 4067 527 4123 calceorum
574 4074 1005 4142 amputarunt;
1063 4086 1198 4141 quae
1252 4071 1405 4142 proh
1435 4071 1671 4142 pudori

4 4157 496 4229 reprehensibilis
521 4164 576 4214 et
602 4174 760 4215 vana
789 4159 1102 4219 curiositas
1134 4160 1285 4215 inter
1309 4160 1541 4216 nobiles
1572 4162 1678 4216 hu-

2 4261 243 4317 cusque
270 4247 550 4317 viguerat,
584 4254 640 4305 et
668 4254 804 4305 tunc
837 4250 1152 4305 terminata
1183 4250 1310 4307 fuit.
1348 4272 1377 4301 ››

2 4341 121 4406 (33)
152 4338 527 4406 Ingreditur,
560 4341 688 4394 noti
711 4342 940 4409 fratres
970 4357 1141 4412 quem
1170 4356 1340 4396 nosse
1369 4342 1672 4399 laborant.

4 4428 401 4482 Concurrunt
434 4430 605 4492 cives,
632 4436 685 4485 ct
712 4432 884 4500 larga
910 4432 1145 4499 palatia
1175 4432 1489 4499 complent.

0 4516 359 4584 Pontiﬁeem
389 4519 473 4573 sic
502 4519 574 4574 de
600 4520 809 4588 formis
835 4526 977 4577 tunc
1002 4521 1235 4576 sistitur
1264 4526 1424 4575 ante.

74 4610 412 4661 Accurrunt
442 4607 743 4673 monachi,
789 4610 919 4662 noti
968 4610 1193 4677 fratres
1226 4615 1279 4664 et
1304 4610 1460 4664 cives
1491 4609 1669 4665 Adal-

0 4694 405 4757 beronidicti,
459 4702 514 4750 et
553 4697 944 4761 monachum,
1000 4696 1274 4768 deposita
1319 4699 1670 4767 monastica,

0 4790 170 4840 veste
200 4784 355 4841 laica
385 4786 685 4854 indutum,
715 4792 1014 4841 armatum
1054 4792 1233 4858 atque
1266 4790 1345 4843 ita
1372 4788 1674 4844 deforma-

0 4880 133 4928 tum
159 4878 224 4929 ut
250 4874 330 4929 ab
356 4873 501 4945 ipsis
545 4874 642 4928 vix
691 4875 900 4944 possit,
929 4875 1177 4943 agnosci
1226 4880 1361 4933 ante
1388 4877 1671 4932 abbatem

0 4979 191 5017 suum
214 4963 633 5034 sistunt,quem
648 4962 944 5019 invidioso
959 4963 1203 5019 nomine
1220 4964 1515 5020 Adalbero
1532 4981 1674 5033 pon-

0 5055 221 5121 tiﬁcem
255 5052 537 5123 appellat,
564 5054 677 5107 hoc
716 5058 805 5108 est
828 5053 1205 5125 episcopum,
1239 5058 1300 5109 ut
1325 5055 1671 5109 monasterii

0 5145 175 5212 septa
204 5142 442 5209 palatia
472 5146 572 5210 ,‘et
601 5141 754 5197 intra
812 5140 1127 5197 Odilonem
1168 5157 1369 5210 regem
1409 5142 1668 5214 εἰρονικῶς

0 5233 198 5285 vocat.

0 5321 111 5387 '34)
130 5319 310 5375 Miles
332 5334 511 5381 nunc,
538 5319 864 5374 monachus
887 5320 1120 5374 diverso
1143 5334 1306 5375 more
1324 5319 1594 5374 manebo.

0 5410 129 5463 Non
156 5422 269 5476 ego
290 5421 417 5460 sum
449 5406 796 5473 monachus,
830 5410 996 5475 jussu
1024 5408 1126 5462 sed
1153 5407 1344 5461 milito
1370 5410 1525 5475 regis
1555 5419 1580 5477 ,'

0 5499 151 5552 Nam
184 5496 463 5551 dominus
490 5510 651 5550 meus
686 5502 769 5551 est
801 5497 1025 5565 quelo
1053 5496 1483 5552 Cluniacensis.

66 5583 295 5639 Abbati
326 5585 691 5639 monachum
721 5585 1036 5641 militarem
1065 5601 1185 5640 non
1204 5584 1576 5653 agnoscanti,
1595 5598 1664 5640 ac

0 5674 390 5745 ,nterroganti
421 5689 498 5729 an
555 5676 890 5733 monachus
935 5692 1078 5730 suus
1110 5677 1200 5741 sit,
1256 5690 1438 5747 quem
1475 5674 1665 5746 pridie

0 5765 223 5821 niserit
254 5762 479 5835 aliquo,
512 5763 609 5821 ille
629 5765 955 5837 respondet
983 5782 998 5821 ε
1052 5782 1083 5814 α
1114 5765 1285 5823 Modo
1304 5763 1474 5821 miles
1503 5778 1660 5832 sum,

1789 1848 1902 1916 (35)
1924 1848 2086 1902 Tune
2107 1854 2242 1907 cata
2266 1855 2323 1903 to
2352 1850 2728 1917 siopomenon
2748 1864 2988 1905 causam
3007 1849 3310 1911 meditaris
3343 1851 3370 1902 ?

1787 1936 1857 1989 In
1883 1936 2092 1991 studiis
2122 1938 2363 1991 memini
2385 1939 2723 2005 formarum
2752 1952 2917 1991 nosse
2938 1937 3188 2005 ﬁguras.

1859 2027 1979 2083 Rex
2007 2026 2339 2092 Rotbertus,
2367 2026 2471 2097 qui
2496 2028 2923 2082 monac/torum
2945 2032 3119 2094 pater
3147 2041 3218 2083 ac
3247 2026 3439 2087 nutri-

1789 2119 1883 2169 tor
1914 2114 2191 2183 Helgaldo
2222 2115 2457 2181 dicitur,
2497 2120 2554 2169 et
2591 2114 2695 2186 qui
2752 2114 3062 2177 Odilonem
3112 2114 3439 2186 plurimum

1788 2203 2051 2269 amabat,
2113 2208 2176 2260 ut
2222 2204 2549 2270 Jotsaldus,
2598 2204 2812 2263 Glaber
2868 2203 3174 2270 Rodulfus,
3223 2203 3442 2275 aliique

1788 2292 2072 2359 tradunt;
2104 2293 2438 2359 Rotbertus,
2479 2293 2750 2364 inquam,
2811 2293 3062 2354 audietis
3115 2293 3443 2355 monachos

1787 2384 2095 2452 tantopere
2118 2381 2229 2439 sibi
2255 2382 2521 2443 dilectos.
2554 2386 2610 2437 et
2639 2381 2950 2443 Odilonem
2997 2397 3239 2453 quoque
3292 2381 3444 2437 amiv

1788 2486 1926 2527 cum
1985 2487 2162 2529 suum
2213 2470 2292 2529 ab
2350 2470 2723 2526 Adalberone
2788 2470 3015 2529 traduci
3045 2486 3117 2533 ac
3165 2468 3442 2533 derideri.

1788 2564 2119 2630 temperare
2153 2559 2265 2619 sibi
2291 2575 2411 2619 non
2442 2563 2636 2631 potest
2655 2558 2801 2630 quin
2828 2559 3124 2621 silentium
3149 2563 3391 2630 rumpat
3422 2576 3437 2623 ι

1788 2652 1843 2703 et
1882 2649 2062 2713 Tune,
2095 2648 2306 2721 inquit,
2335 2650 2611 2721 episcope
2663 2648 2795 2707 κατὰ
2826 2653 2883 2700 τὸ
2916 2667 3246 2720 σιωπωμινον
3300 2663 3442 2707 caus

1788 2752 1913 2791 sam
1946 2738 2252 2793 meditaris
2281 2742 2307 2793 ?
2362 2741 2444 2795 Tu
2474 2754 2547 2793 ne
2578 2754 2669 2793 me
2699 2739 2787 2795 nil
2816 2752 3117 2805 reponere,
3158 2735 3305 2798 nihil
3337 2734 3440 2796 tibi

1787 2826 2153 2899 respondere
2182 2827 2439 2896 voluisti,
2472 2832 2535 2882 ut
2553 2827 2657 2883 tibi
2714 2827 3042 2882 monachos
3098 2829 3157 2881 et
3183 2824 3445 2895 singula-

1787 2930 1913 2968 rem
1946 2905 2209 2972 amicum
2242 2933 2443 2975 meum
2501 2916 2813 2973 Odilonem
2864 2914 3239 2987 impugnanti
3268 2930 3339 2974 ac
3367 2916 3441 2973 ir—

1788 3002 2000 3058 ridenti
2033 3004 2284 3060 tacendo
2314 3005 2546 3063 viderer
2575 3004 2931 3073 consentire,
2954 3008 3009 3059 et
3048 3002 3278 3058 silentio
3303 3018 3441 3063 meo

1788 3091 1880 3148 vel
1908 3092 2083 3163 quasi
2112 3092 2477 3152 ἀποσιωπήσει
2496 3098 2553 3150 et
2581 3094 2900 3157 reticentia,
2924 3093 3118 3161 ﬁgura
3137 3092 3284 3147 mihi
3298 3091 3442 3152 olim

1786 3198 1974 3253 puero
2005 3182 2065 3239 in
2097 3183 2314 3242 scholis
2353 3184 2669 3243 notissima
2725 3184 2883 3238 viros
2912 3183 3106 3237 bonos
3157 3181 3443 3243 destitue—

1786 3287 1932 3335 rem,
1966 3270 2305 3341 proderem,
2360 3288 2430 3328 ac
2460 3272 2855 3344 relinquerem
2902 3270 3244 3331 indefensos
3272 3270 3300 3330 7
3332 3274 3446 3331 Irar-

1787 3364 1911 3415 tum
1944 3359 2056 3413 sibi
2084 3359 2382 3417 Adalbero
2427 3360 2773 3420 Botbertum
2827 3360 3073 3427 inducit,
3098 3363 3202 3417 aut
3230 3358 3442 3420 saltem

1787 3453 2089 3505 commoto
2112 3447 2388 3514 similem,
2409 3449 2573 3521 quod
2604 3450 2679 3505 de
2727 3449 3039 3509 monachis
3069 3448 3225 3510 male
3268 3447 3446 3509 senti-

1785 3541 1873 3591 ret
1901 3541 1953 3591 et
1986 3536 2287 3593 scriberet.
2322 3536 2485 3593 Unde
2519 3537 2759 3607 subjicit
2787 3554 2800 3593 :

1785 3628 1896 3695 (36‘)
1926 3627 2060 3682 Non
2084 3630 2188 3681 tua
2214 3626 2544 3694 praepeth
2571 3641 2677 3683 nos
2708 3624 3040 3695 indignatio
3068 3625 3327 3693 fervens.

1784 3715 2155 3782 Praeceptum
2186 3714 2427 3770 Domini
2454 3714 2630 3770 liceat
2659 3730 2792 3774 cum
2813 3729 2966 3783 pace
2993 3714 3237 3783 referre.

1855 3806 1997 3871 Tua,
2025 3819 2252 3874 quaeso,
2270 3803 2599 3872 indignatio
2620 3804 2953 3863 orationem
2979 3820 3180 3863 meam
3208 3819 3333 3861 non
3350 3803 3441 3861 inr-

1782 3896 2133 3964 terrumpat,
2161 3892 2256 3964 pie
2285 3909 2389 3948 rex
2421 3909 2435 3948 :
2466 3896 2570 3949 tua
2600 3893 2747 3949 mihi
2772 3893 2861 3950 ira
2890 3910 3011 3951 non
3062 3894 3235 3951 obsnt.
3291 3896 3441 3950 Pace

1781 3987 1884 4037 tua
1904 3981 2050 4036 mihi
2068 3981 2258 4047 liceat,
2290 3986 2588 4054 praecepta
2618 3983 2924 4040 Dominiea
2952 3983 3189 4041 referre.

1785 4074 1888 4144 (37)
1915 4073 2108 4127 Sarra
2137 4073 2312 4126 nimis
2340 4087 2482 4141 gens
2528 4087 2829 4137 cenarum,
2851 4074 2925 4129 de
2951 4090 3133 4144 more,
3170 4074 3437 4143 petulca,

1780 4165 2049 4233 Regnum
2069 4163 2468 4225 Francorum,
2498 4161 2772 4217 manibus
2802 4163 3085 4232 ferroque
3106 4164 3436 4230 subactum,

1785 4253 2068 4321 Occupat,
2103 4257 2158 4306 et
2189 4251 2345 4305 rodit
2371 4249 2666 4320 quidquid
2689 4250 2803 4305 sibi
2835 4252 3039 4308 Gallia
3076 4254 3290 4318 nutrit,
3324 4254 3437 4307 etc.

1788 4330 1794 4337 ’
1856 4343 2200 4411 Sarraceni,
2224 4340 2417 4412 inquit
2445 4338 2762 4407 Adalbero,
2785 4356 2926 4409 gens
2942 4342 3119 4398 valde
3130 4344 3437 4411 petulans,

1786 4445 1862 4484 ex
1880 4446 2039 4485 more
2062 4446 2313 4500 regnum
2342 4431 2717 4484 Francorum
2746 4429 2806 4483 vi
2832 4434 2887 4484 et
2912 4431 3097 4485 armis
3125 4431 3439 4487 subactum

1786 4526 2079 4587 occupant
2110 4535 2180 4574 ac
2208 4518 2510 4590 diripiunt,
2530 4515 2779 4573 Galliam
2806 4517 3099 4585 sanguine
3120 4517 3436 4586 inundant,

1786 4614 2129 4664 sanctorum
2160 4607 2439 4679 reliquias
2467 4605 2836 4676 dispergunt,
2885 4620 3108 4675 easque
3132 4605 3347 4662 avibus
3366 4622 3439 4663 ac

1788 4694 2051 4749 leonibus
2081 4694 2154 4765 (si
2174 4693 2280 4765 qui
2309 4698 2435 4749 tum
2466 4694 2665 4750 tamen
2688 4691 2749 4745 in
2776 4688 2960 4748 Gallia
2987 4688 3192 4747 leones
3244 4696 3439 4759 erant)

1783 4788 2109 4855 exponunt,
2143 4784 2554 4855 episcopatum
2584 4782 2646 4836 in
2675 4782 2885 4849 primis
2925 4779 3285 4837 Turonicum
3306 4795 3438 4837 γαίη

1781 4877 1927 4927 tant.
1962 4874 2090 4938 Qua
2120 4873 2280 4929 beati
2312 4871 2534 4929 Martini
2560 4875 2616 4926 et
2644 4874 2747 4927 tua
2793 4884 3034 4941 quoque
3066 4883 3437 4940 suorumque

1782 4961 1955 5015 Odilo
1968 4960 2396 5031 motusiujuria
2423 4960 2985 5028 Romampetiitmro
3011 4957 3207 5013 salute
3233 4971 3438 5014 mona-

1779 5051 2027 5105 chorum
2042 5056 2422 5119 precaturus.
2432 5049 2569 5106 Haec
2585 5048 2879 5106 Adalbero
2892 5045 3097 5105 scribit
3112 5060 3278 5105 mera
3288 5044 3434 5104 teni-

1778 5144 1999 5209 gmata.
2030 5142 2139 5203 Qui
2169 5145 2308 5195 sunt
2335 5139 2499 5195 enim
2526 5139 2851 5195 Sarraceni
2898 5137 2981 5194 illi
3026 5136 3131 5209 qui
3182 5140 3307 5194 tum
3349 5152 3439 5193 re-

1774 5242 1964 5295 gnum
1996 5229 2379 5293 Francorum,
2421 5232 2478 5284 et
2533 5228 2832 5299 praecipue
2885 5226 3297 5299 episcopatum
3327 5227 3435 5285 Tu~

1773 5315 2048 5371 ronicum
2077 5315 2158 5372 ita
2186 5321 2496 5373 vastavere
2529 5318 2556 5374 ?
2586 5317 2893 5375 Sarraceni
2944 5316 3189 5389 quidem
3244 5314 3436 5373 Fraxi-

1773 5408 2066 5470 netenses,
2135 5409 2311 5460 antea
2366 5404 2732 5466 culminibus
2796 5406 3032 5478 Alpium
3102 5404 3433 5478 occupatis.

1772 5491 2049 5548 Maiolum
2102 5491 2508 5548 Cluniacensis
2550 5495 2915 5553 monasterii
2975 5495 3278 5560 abbatum,
3339 5493 3437 5553 cui

1773 5582 1942 5639 Odilo
1976 5582 2277 5651 successit,
2305 5597 2443 5636 cum
2479 5583 2602 5637 suis
2616 5585 2903 5640 omnibus
2929 5590 3213 5658 ceperant
3235 5600 3307 5640 ex
3326 5588 3435 5640 ita-

1771 5673 1852 5729 lia
1878 5676 1937 5727 et
1959 5671 2105 5726 urbe
2129 5674 2315 5726 Roma
2342 5676 2757 5735 revertentem.
2792 5693 2812 5726 ι
2831 5675 2889 5729 ix
2916 5674 3076 5731 mille
3123 5674 3290 5730 libris
3336 5689 3431 5728 ατο

1774 5760 2371 5834 gentindimandnm
2398 5778 2413 5831 ;
2443 5761 2553 5819 sed
2579 5764 2764 5836 paulo
2790 5767 2928 5837 post
2952 5780 2992 5820 a
3018 5763 3307 5821 Willelmo
3333 5776 3431 5817 eo.
