3878 6390
377 291 486 347 799
1339 294 1404 346 [Ν
1442 286 1935 346 ADALBERONIS
1970 281 2283 339 EPISCOPI
2321 274 2827 333 LAUDUNENSIS.
2968 253 2979 265 '
3734 266 3836 319 soo

379 414 521 469 mite
548 413 871 469 Arelatensi
900 414 976 469 ad
1024 428 1212 469 unum
1239 431 1446 470 omnes
1472 414 1607 469 caesi
1654 413 1889 467 fuerant
1929 408 2023 463 isti
2059 409 2107 462 Α
2137 405 2294 473 cipia
2336 401 2621 470 eripuisse
2672 412 2793 452 non
2826 408 3056 484 pauca.
3110 389 3425 484 Fulbertus
3456 403 3734 484 quoque
3774 388 3838 484 in

381 503 702 574 provinciae
734 508 790 557 et
821 503 990 558 Italiae
1022 503 1421 575 populatores,
1461 504 1543 557 uti
1576 502 1785 558 glaber
1813 498 2026 556 nodul-
2136 490 2385 564 epistola
2406 492 2472 544 99
2503 486 2708 542 scribit
2738 483 3059 540 Fulconem
3091 478 3391 575 comitem
3419 493 3525 532 res
3554 476 3837 575 efclesiaa

382 568 478 646 fus
507 596 563 646 et
594 592 761 647 Odilo
783 568 1121 663 ipsemetin
1138 592 1353 647 Libello
1380 568 1453 647 de
1483 592 1603 647 vita
1630 589 1816 647 Maioli
1846 588 2029 643 abba-
2136 582 2425 638 invasisse
2447 584 2501 634 et
2529 576 2873 641 abstulisse,
2906 578 2964 628 et
2988 570 3543 663 archiepisco‘pum_
3583 568 3837 663 Turoni-

382 680 456 735 tis
486 681 743 735 tradunt.
774 684 942 734 Anno
974 684 1077 734 994
1101 680 1192 733 vel
1217 684 1316 734 997
1336 683 1637 735 incensum
1666 686 1745 735 est
1768 684 2028 734 castrum
2138 687 2277 727 cum
2307 668 2691 740 coepiscopos
2709 665 2787 720 ad
2816 679 2954 718 eum
2981 657 3678 717 excommunicandum
3700 658 3831 712 bor—

385 770 542 824 beati
567 770 820 823 Martini
851 774 904 823 et
936 770 1120 837 ipsius
1144 769 1390 823 basilica
1416 785 1547 824 cum
1566 769 1779 838 viginti
1804 766 2029 821 duobus
2137 763 2327 813 tatum
2357 772 2504 811 esse.
2531 757 2598 809 Et
2628 753 2766 808 alibi
2798 750 3053 819 legimus
3080 763 3359 838 proceres
3395 745 3686 838 aliquos,
3747 760 3826 838 re-

383 859 658 923 ecelesiis,
693 874 791 911 vui
816 857 1116 912 Kalendas
1145 860 1325 927 Aug.,
1379 864 1442 912 ut
1472 857 1803 913 Chronicon
1842 855 2028 909 Thua-
2140 850 2359 915 gnante
2390 842 2688 907 Rotberto,
2719 840 2895 895 bonis
2925 835 3552 927 possessionibusque
3591 833 3826 890 Clunia-

382 962 587 1013 neum,
614 945 673 999 in
705 961 864 1000 anno
917 950 1048 1000 H37
1109 922 1408 1011 desinens,
1465 951 1519 1000 et
1544 945 1772 1014 Majoris
1803 946 2030 999 Monas-
2140 934 2191 990 ci
2220 949 2439 989 manus
2470 931 2761 1001 injecisse,
2786 933 2842 984 et
2862 928 2936 983 de
2967 926 3060 982 his
3091 924 3256 997 apud
3281 922 3705 1014 Renedictum
3730 937 3828 994 pa-

383 1033 513 1087 terii
543 1010 878 1087 monachus
903 1033 1135 1088 docent.
1167 1034 1275 1088 Sed
1327 1010 1646 1088 fortuitum‘
1661 1030 1805 1086 illud
1834 1028 2030 1082 incen—
2141 1039 2285 1095 pam
2316 1020 2427 1075 Vill
2456 1035 2562 1092 per
2584 1034 2724 1073 suos
2752 1020 3033 1088 questum
3063 1029 3192 1069 esse
3232 1010 3565 1068 Odilouem
3622 1026 3831 1066 coram

387 1121 555 1176 dium
585 1121 692 1176 fuit
720 1122 984 1184 omnino,
1018 1138 1153 1176 cum
1170 1124 1296 1190 ejus
1327 1127 1531 1177 auctor
1556 1136 1734 1175 nemo
1760 1115 2030 1173 uomine—
2144 1111 2421 1167 Rotberto
2446 1123 2583 1177 rege
2609 1107 2974 1161 Francorum
3006 1107 3064 1157 et
3090 1099 3477 1190 principibus
3516 1099 3835 1171 optimati-

390 1213 483 1263 tur
508 1227 519 1275 ;
548 1224 657 1262 nec
688 1208 786 1262 ulli
820 1210 973 1278 genti
1005 1187 1347 1264 Christianae
1398 1207 1667 1278 religioni
1695 1206 1917 1261 infestae
1939 1201 2033 1257 tri-
2140 1199 2377 1269 busque
2407 1197 2556 1266 ejus,
2580 1194 2684 1266 qui
2715 1193 2792 1248 ad
2812 1191 3019 1246 limina
3040 1187 3466 1278 apostolorum
3500 1190 3834 1278 venerant,

388 1297 719 1357 buendum.
751 1276 972 1352 nedum
1010 1299 1345 1353 Sarracenis
1362 1297 1466 1368 qui
1498 1276 1623 1352 tum
1646 1311 1815 1350 oram
1834 1292 2030 1347 Gallias
2143 1288 2221 1342 ita
2262 1292 2326 1341 ut
2352 1285 2521 1340 facile
2555 1284 2725 1338 Odilo
2756 1280 3014 1349 compati
3064 1277 3309 1335 Martino
3340 1276 3643 1348 potuerit,
3706 1293 3836 1368 eum

388 1385 788 1440 Narbonensis
812 1386 1134 1440 latrociniis
1186 1402 1254 1440 ac
1310 1364 1538 1439 furtivis
1567 1380 2035 1456 praadationibus
2139 1377 2322 1431 simili
2343 1375 2472 1445 ipse
2492 1376 2637 1442 jure
2677 1375 3001 1437 teneretur,
3043 1368 3157 1422 hoc
3187 1370 3276 1420 est
3332 1380 3480 1420 cum
3541 1364 3839 1421 eamdem

387 1472 662 1527 infestare
688 1479 1007 1544 potuerunt
1040 1493 1052 1536 ;
1087 1474 1364 1528 interiora
1391 1472 1648 1541 regionis
1676 1470 1899 1526 Celticae
1932 1467 2036 1521 cir-
2140 1465 2269 1536 ipse
2299 1463 2375 1518 ab
2409 1461 2537 1516 aliis
2569 1458 2898 1530 accepisset
2926 1456 3233 1526 injuriam.

391 1577 460 1615 ca
507 1542 767 1615 'l‘uron—es
822 1567 1134 1634 penetrare
1174 1562 1420 1616 minime
1472 1563 1810 1631 potuerunt.
1871 1557 2035 1612 Circa
2143 1554 2251 1624 (41)
2277 1553 2395 1605 Hic
2422 1552 2665 1605 Romam
2695 1546 2862 1616 petiit
2884 1544 3191 1599 monachis
3220 1556 3402 1597 orare
3424 1542 3733 1597 salutem.

391 1665 616 1704 annum
669 1629 837 1718 100οξ
856 1650 1186 1717 Nordwegi,
1219 1650 1314 1703 vel
1354 1629 1624 1717 Norvagi,
1684 1652 1740 1700 et
1797 1644 2031 1706 Suedia,
2215 1644 2327 1696 Nec
2365 1637 2684 1702 Jotsaldus,
2732 1651 2840 1689 nec
2868 1637 3070 1688 Petrus
3104 1630 3434 1686 Damianus
3462 1629 3581 1702 qui
3613 1646 3696 1685 ex
3717 1632 3836 1685 Jot-

392 1736 469 1808 [a]
499 1736 790 1791 Richardo
811 1738 1051 1791 Juniore
1081 1737 1227 1792 doce
1241 1737 1807 1803 Northmannorum,
1824 1733 2035 1787 adver-
2074 1756 2114 1809 Β
2148 1730 2318 1784 saldo
2350 1727 2651 1799 epitomen
2678 1723 2831 1789 fecit,
2891 1738 3004 1776 nos
3058 1721 3153 1775 hic
3192 1719 3547 1809 quidquam
3597 1719 3838 1809 juvant.

392 1807 493 1879 sus
536 1825 825 1893 Odonem,
874 1826 1150 1881 comitem
1206 1825 1658 1882 Carnutensium
1710 1828 1767 1878 et
1809 1822 2039 1876 Blesen-
2075 1807 2102 1809 ﬁ
2146 1819 2280 1872 Haec
2331 1821 2467 1870 sunt
2495 1816 2569 1869 de
2598 1812 2843 1869 Odilone
2872 1810 3057 1865 verba
3084 1807 3375 1864 Jotsaldi:
3410 1828 3440 1856 ‹‹
3470 1807 3830 1863 Laetabatur

394 1915 570 1982 slum,
599 1915 699 1985 qui
733 1921 786 1969 et
819 1915 1029 1969 urbem
1087 1919 1348 1970 Turones
1395 1914 1719 1977 obtinebat,
1748 1908 2034 1971 accersiti,
2144 1907 2322 1962 etiam
2342 1904 2485 1959 urbs
2516 1906 2721 1966 Roma,
2750 1898 2963 1954 mundi
2993 1897 3261 1962 domina,
3292 1896 3440 1951 tanti
3476 1895 3603 1951 viri
3627 1900 3829 1951 contu-

396 2004 682 2058 Britannis
733 2004 995 2074 primum
1043 2004 1243 2075 przelio
1287 2004 1472 2069 victis,
1525 2008 1578 2057 et
1610 2006 1801 2057 castro
1832 2014 2040 2054 eorum
2146 1995 2353 2051 bernio
2384 1994 2755 2064 frequentata
2786 1985 3827 2060 saepius,sanctorumapostolorum

394 2091 534 2147 dolo
579 2073 923 2163 expugnato
980 2073 1059 2146 ac:
1077 2093 1322 2146 incenso
1359 2092 1687 2162 incolisque
1738 2088 2037 2154 iugulatis,
2150 2100 2352 2140 amore
2402 2088 2459 2137 et
2508 2079 2839 2145 desiderio;
2881 2083 2957 2146 et,
2993 2098 3020 2124 »
3052 2080 3118 2129 ut
3142 2075 3303 2129 idem
3333 2073 3437 2144 ait,
3474 2095 3504 2122 «
3537 2090 3674 2146 quo
3696 2079 3835 2128 tem-

398 2161 791 2247 Rotomagum
823 2180 1080 2234 navibus
1108 2180 1340 2250 petiere.
1377 2182 1536 2243 Quos
1566 2161 1822 2249 populos
1850 2174 2038 2230 idolo-
2150 2190 2293 2247 pore
2324 2189 2425 2226 rex
2460 2171 2741 2224 Henricus
2775 2167 2852 2221 ad
2878 2181 3077 2220 arcem
3105 2162 3360 2219 Romani
3388 2162 3643 2234 imperii
3676 2161 3836 2217 festi-

397 2267 577 2321 latras
607 2269 1067 2322 Sarracenorum
1110 2269 1350 2323 nomine
1380 2268 1457 2322 ab
1490 2267 1861 2321 Adalberone
1891 2264 2041 2318 desi-
2151 2261 2356 2325 nabat,
2387 2263 2449 2313 ut
2477 2258 2552 2313 ad
2583 2255 2904 2327 imperium
2942 2255 3417 2324 promoveretur,
3484 2266 3629 2308 eum
3662 2254 3844 2305 comi-

400 2359 610 2424 gnatos
662 2370 789 2409 esse
839 2371 960 2410 non
1012 2355 1199 2427 puto';
1241 2361 1554 2427 propterea
1600 2355 1784 2426 quod,
1830 2369 1972 2407 mox
2009 2367 2044 2405 a
2153 2356 2308 2406 tatus
2341 2355 2420 2403 est
2454 2347 2643 2402 Odilo.
2678 2363 2707 2395 ›
2764 2342 2861 2397 Rei
2910 2357 3033 2395 suae
3073 2356 3275 2406 causa,
3310 2342 3417 2394 aut
3461 2338 3546 2394 ad
3578 2355 3684 2393 res
3714 2354 3843 2393 mo-

400 2442 675 2497 Rotberto
700 2459 836 2511 rege
865 2447 1221 2498 Francorum
1251 2446 1399 2499 inter
1424 2445 1781 2498 Richardum
1812 2446 1867 2495 et
1897 2441 2046 2496 Odo-
2152 2436 2548 2493 nasteriorum
2579 2447 2825 2487 suorum
2873 2428 3382 2501 ecclesiarumque
3434 2427 3842 2498 repetendas,

399 2546 537 2585 nem
563 2547 711 2602 pace
744 2532 917 2601 facta,
956 2533 1204 2587 remissa
1218 2537 1353 2586 sunt
1374 2533 1677 2599 auxilia,et
1694 2532 1754 2585 in
1777 2528 2047 2600 sequenti
2155 2526 2464 2583 Odilonem
2526 2526 2775 2577 Romam
2820 2533 3092 2589 unquam
3119 2516 3358 2571 venisse
3385 2520 3601 2571 noster
3642 2516 3795 2571 dicit
3824 2534 3836 2579 ;

399 2630 558 2669 anno
584 2632 653 2669 ex
678 2618 1063 2671 Nortinamda
1095 2617 1365 2679 domum,
1418 2622 1519 2670 aut
1565 2620 1647 2685 (ut
1678 2614 1805 2669 aliis
1830 2612 2045 2685 placet)
2155 2613 2319 2686 quod
2347 2618 2545 2667 tamen
2576 2625 2783 2664 verum
2817 2623 2945 2661 esse
2978 2609 3192 2677 powst.

397 2703 456 2758 in
474 2704 744 2774 Angliam
782 2707 1035 2759 insulam
1073 2706 1191 2759 sive
1223 2705 1603 2770 Britanniam,
1654 2704 1811 2758 unde
1868 2716 2046 2757 veue-
2157 2704 2268 2773 (42)
2318 2699 2733 2757 Conscendunt
2778 2711 2960 2761 voces,
3000 2695 3310 2763 fremitum
3368 2693 3523 2749 dant
3580 2692 3847 2748 Clunia-

397 2799 549 2862 rant,
579 2802 962 2859 I‘BVCl‘lCl‘illli,
998 2798 1073 2848 ita
1123 2800 1187 2847 ut
1215 2795 1517 2848 vastandas
1557 2793 1755 2847 Galliae
1781 2798 1837 2846 et
1864 2791 2047 2862 depo-
3479 2779 3721 2851 [censes
3754 2796 3781 2836 :

397 2881 644 2953 pulandi
665 2884 787 2947 agri
809 2884 1077 2937 'l‘m-omei
1104 2882 1360 2952 spatium
1385 2898 1507 2936 non
1528 2882 1712 2935 habm
1732 2881 2049 2934 rintl‘uere
2158 2882 2439 2937 Clamant
2470 2884 2647 2946 atque
2676 2881 2913 2929 monent
2942 2890 2955 2926 :
2987 2871 3180 2927 subito
3209 2871 3479 2939 dispone,
3511 2872 3849 2940 magister,

400 2974 457 3023 et
479 2969 628 3023 inter
652 2976 917 3023 ωιίυιιιεω
956 2976 1108 3023 hanc
1140 2976 1195 3023 et
1227 2970 1565 3031 Fulconem,
1592 2975 2048 3035 Andcgravorum
2155 2971 2345 3024 Arma
2391 2965 2590 3019 subire
2619 2964 2756 3031 tuis,
2788 2968 2841 3017 et
2873 2976 3004 3031 quae
3021 2973 3377 3028 praeponere
3432 2958 3688 3025 debent,
3726 2965 3841 3014 etc.

402 3057 700 3121 comitem,
732 3060 917 3111 multa
952 3061 1121 3111 ineiia.
1173 3058 1338 3111 causi
1364 3057 1573 3112 excidii
1603 3057 1888 3111 interioris
1919 3056 2049 3111 Gal-
2087 3099 2127 3154 Ο
2228 3053 2512 3111 Describit
2534 3053 2777 3122 jocosus
2809 3065 2987 3104 senex
3019 3047 3369 3103 comitatum
3419 3044 3712 3101 Odilonis
3740 3050 3847 3103 Ro-

404 3145 436 3154 ..
637 3148 643 3154 .
1005 3148 1064 3154 ,.
1126 3149 1160 3154 ,-
1210 3146 1223 3154 .
1360 3151 1364 3154 Α
1455 3145 1467 3154 .
1573 3146 1582 3154 .
1784 3147 1847 3154 .-
2437 3146 2444 3154 ,
2537 3141 2567 3154 ,.
2767 3153 2771 3154 ί
3056 3134 3473 3154 ημῌιμλμη
3536 3150 3735 3154 μην
3793 3136 3843 3154 ι.

399 3145 492 3200 liae
523 3148 770 3216 agrique
799 3148 1090 3200 'l‘uroii‘ci.
1126 3146 1302 3200 lv‘ulco
1341 3145 1689 3200 Ambaciam
1744 3150 1799 3200 et
1828 3147 2050 3199 Luccas
2088 3134 2127 3154 υ
2156 3160 2322 3200 mam
2354 3141 2623 3213 petentis,
2669 3153 2851 3210 quem
2903 3136 2999 3192 hic
3052 3134 3476 3192 Cluniacenses
3536 3136 3846 3191 monachi

405 3234 463 3288 in
504 3249 666 3305 pago
696 3233 986 3288 Turonico
1032 3234 1266 3288 tenebat
1294 3253 1305 3298 ;
1339 3234 1527 3289 Odoni
1560 3234 1848 3305 parebant
1872 3237 2051 3288 Turo-
2157 3237 2511 3301 magistrum
2539 3226 2861 3300 appellant,
2904 3226 3054 3279 sicut
3084 3238 3268 3296 supra
3301 3241 3314 3277 :

402 3336 556 3387 nes;
598 3321 692 3375 cui
718 3321 850 3375 urbi
902 3321 1075 3377 Fulco
1126 3322 1464 3390 imminens,
1522 3325 1773 3377 Montem
1826 3320 2048 3376 Budelli
2157 3322 2394 3376 Mittere
2416 3320 2786 3386 proponunt,
2816 3329 2957 3368 mox
2986 3314 3308 3381 explorare
3329 3312 3741 3381 magistrum.

403 3409 711 3464 castellum
742 3410 792 3465 ei
825 3410 1145 3465 adversum
1171 3411 1699 3482 opposuit,etanno
1727 3414 1858 3465 1016
1885 3408 2049 3482 apud
2157 3412 2227 3465 Ut
2245 3412 2380 3463 ante
2399 3406 2457 3460 in
2479 3402 2812 3461 Odiloniani
2828 3401 3111 3457 monachi
3147 3406 3254 3455 iter
3270 3399 3669 3467 facientis,sic
3684 3419 3849 3458 nunc

400 3497 790 3552 Pontilevium
824 3498 1091 3553 Odonem
1145 3498 1348 3569 praelio
1381 3500 1699 3569 superavit.
1756 3498 1867 3554 Sed
1922 3498 2049 3551 haec
2156 3499 2218 3553 in
2249 3495 2563 3551 comitatus
2585 3491 2847 3549 Odilonis
2866 3494 3119 3546 Romam
3142 3489 3586 3561 proﬁciscentis
3620 3491 3851 3548 descri-

401 3586 588 3641 multo
606 3592 741 3657 post
768 3588 1018 3641 Carmen
1047 3588 1197 3641 istud
1231 3587 1308 3641 ab
1346 3587 1718 3642 Adalberone
1749 3586 2050 3658 composi-
2158 3586 2359 3659 ptione
2388 3582 2635 3637 lascivit.
2670 3580 2866 3645 Plane,
2897 3578 3048 3633 sicut
3085 3577 3384 3649 episcopis
3421 3581 3480 3631 et
3509 3582 3850 3636 monachis

399 3678 547 3739 tum,
571 3679 626 3727 et
653 3673 922 3743 forsitan,
949 3690 1192 3745 quoque
1243 3679 1378 3744 post
1430 3673 1820 3729 Adalberonis
1860 3672 2049 3744 ipsius
2161 3670 2478 3729 convenire
2510 3669 2676 3733 solet,
2706 3671 2956 3740 apparet
3006 3665 3449 3721 Adalberonem
3483 3670 3848 3724 monachis.

401 3762 654 3827 obitum,
686 3761 1079 3830 contigerunt,
1110 3778 1247 3829 rege
1284 3762 1556 3817 Rotberto
1605 3777 1728 3817 non
1751 3762 1879 3831 jam
1908 3759 2052 3814 ﬂore
2160 3759 2491 3835 praesertim
2524 3755 3012 3814 Cluniacensibus
3028 3759 3156 3810 tum
3172 3753 3848 3815 maximeﬂorentibus.

397 3849 725 3920 juventutis
755 3848 1099 3919 splendente
1136 3867 1148 3917 ;
1176 3866 1297 3905 non
1322 3852 1450 3921 jam
1498 3850 1831 3923 incipientis
1849 3850 2056 3920 juven—
2163 3855 2219 3906 et
2250 3847 2483 3906 Odiloni
2506 3846 2711 3901 abbati
2737 3844 3069 3900 clarissimo
3100 3843 3659 3915 potentissimoque
3698 3848 3849 3902 ami-

405 3942 500 4001 tae,
530 3936 633 3990 sed
661 3936 1004 3992 desinentis.
2163 3954 2303 3995 cum
2349 3952 2473 3992 non
2516 3935 2716 3990 fuisse.
2759 3933 2993 3989 Inducit
3045 3931 3343 3987 Adalbero
3401 3929 3849 3991 Cluniacenses

407 4024 521 4093 (38)
543 4028 697 4078 Sunt
717 4025 1077 4085 avium,sunt
1098 4042 1227 4095 Jam
1249 4030 1547 4082 consortia
1564 4028 1734 4095 facta
1754 4026 2051 4093 luporum.
2165 4027 2476 4085 Odilonem
2502 4025 2931 4094 interrogantes
2951 4037 3133 4094 quem
3156 4021 3432 4077 habitum
3463 4019 3652 4077 indui
3682 4025 3851 4098 ipsos

480 4112 748 4181 Corpora
778 4120 1119 4171 sanctorum
1152 4118 1445 4172 videlicet.
1471 4117 1638 4169 Hunc
1661 4130 1900 4169 versum
1927 4129 2059 4168 mu-
2164 4122 2417 4172 Romam
2447 4130 2568 4170 una
2585 4114 2790 4183 ituros,
2815 4128 2937 4185 qua
2965 4111 3193 4167 ratione
3220 4110 3428 4165 instrui
3479 4115 3851 4186 armarique

406 4200 546 4255 tavit
574 4201 890 4272 Adalbero,
924 4204 1025 4258 sed
1054 4203 1344 4259 infelicius
1376 4221 1388 4257 :
2164 4208 2317 4277 velit,
2347 4204 2492 4277 quid
2524 4201 2887 4275 supra,quid
2913 4201 3146 4267 subtus,
3169 4200 3316 4273 quid
3337 4198 3480 4254 foris
3502 4215 3581 4255 ac
3610 4203 3851 4274 palam,

410 4289 687 4345 Concives
718 4294 917 4346 avium
933 4295 1067 4361 jam
1098 4298 1239 4347 sunt
1268 4294 1522 4362 sociique
1553 4292 1807 4358 leonum,
2163 4298 2275 4369 qui
2296 4297 2307 4349 ἱ
2329 4294 2487 4349 intus
2516 4308 2749 4347 sumere
2775 4294 3048 4364 oporteat
3074 4309 3086 4345 :

405 4378 690 4433 nimirum
713 4381 920 4446 sancti,
952 4398 1058 4437 seu
1087 4398 1294 4436 eorum
1326 4381 1552 4436 cineres
1583 4386 1639 4435 et
1666 4379 1948 4451 reliquiae.
2090 4443 2129 4453 __
2376 4384 2455 4438 Et
2484 4397 2618 4453 quae
2631 4395 2981 4450 praeponere
3009 4378 3241 4448 debent,

410 4468 523 4539 (39‘)
566 4470 767 4525 Vastat
791 4443 1149 4538 episcopium
1207 4486 1337 4525 cum
1369 4476 1569 4540 strage
1601 4443 2055 4524 Turon-iacense.
2090 4443 2135 4497 Ῑ)
2238 4473 2378 4540 Quae
2406 4443 2523 4525 sint
2550 4443 2833 4537 exierius,
2865 4473 2917 4523 et
2949 4482 3080 4537 quae
3118 4443 3236 4520 sint
3267 4464 3593 4521 interiora.

477 4558 672 4611 Genus
704 4560 1167 4614 Sarracenorum
1199 4558 1437 4613 scilicet.
2237 4560 2396 4614 Dicet
2425 4557 2641 4629 aliquis
2675 4573 2687 4610 :
2722 4558 2813 4610 An
2843 4570 3007 4611 voces
3033 4559 3092 4609 et
3116 4554 3417 4623 fremitus,
3450 4556 3510 4606 et
3535 4556 3852 4615 clamores

409 4644 520 4714 (40)
552 4646 848 4700 Martinus
873 4648 1100 4714 plorat,
1133 4651 1385 4701 tutorem
1417 4647 1688 4701 clamitat
1714 4646 1886 4700 idem.
2168 4648 2524 4705 conveniunt
2571 4644 2884 4701 monachis
2953 4641 3159 4699 abbati
3206 4657 3316 4696 suo
3380 4640 3853 4712 loquentibus?

412 4733 632 4802 Oydelo
657 4740 1042 4804 compatztur,
1074 4735 1259 4788 simili
1286 4736 1391 4803 qui
1408 4737 1552 4802 jure
1573 4739 1823 4789 tenetur.
2170 4743 2297 4795 Non
2321 4735 2684 4792 conveniunt
2732 4733 2931 4806 plane,
2962 4731 3081 4787 nisi
3137 4729 3373 4786 abbatis
3420 4729 3513 4784 sui
3544 4735 3855 4803 patientia

477 4827 689 4877 Annon
715 4823 906 4893 gentis
941 4824 1405 4878 Sarracenorum
1464 4822 1861 4894 appellatione
1906 4820 2061 4877 desi-
2169 4824 2554 4885 abutentibus
2587 4841 2600 4890 ;
2633 4822 2799 4894 quod
2831 4826 2972 4876 tunc
3001 4819 3210 4875 fecisse
3243 4817 3699 4877 Cluniacenses
3732 4842 3854 4881 mo-

410 4926 591 4980 gnare
614 4912 801 4966 voluit
822 4910 1119 4965 Adalbero
1141 4911 1439 4983 principes
1472 4914 1748 4982 Franciae,
1778 4911 2063 4967 nimirum
2169 4915 2398 4972 nachos
2420 4910 2735 4968 verisimile
2787 4915 2875 4965 est
2920 4908 3151 4964 Valesio
3206 4906 3311 4978 qui
3354 4922 3478 4961 non
3538 4914 3854 4970 meminit,

411 5001 674 5069 comites,
708 5000 1085 5054 marchiones
1111 5015 1179 5054 ac
1206 5000 1388 5055 duces
1427 5005 1567 5056 tunc
1597 5017 1851 5070 regnum
1885 5002 2064 5055 Fran—
2173 5009 2237 5059 ut
2294 5002 2549 5069 videtur,
2613 5003 2841 5072 quanta
2891 5013 3096 5053 eorum
3156 4996 3331 5052 fuerit
3375 5011 3522 5065 erga
3595 5005 3857 5059 sanctis-

410 5104 618 5143 corum
646 5088 993 5153 lacerantes,
1022 5087 1201 5143 urbes
1217 5094 1271 5142 et
1296 5089 1535 5145 castella
1560 5093 1946 5160 occupantes,
1973 5087 2065 5141 in-
2174 5088 2395 5144 simum
2427 5089 2713 5144 abbatem
2739 5086 3087 5142 reverentia.
3131 5084 3363 5156 Quippe
3393 5083 3571 5140 Odilo
3604 5088 3709 5144 vir
3746 5097 3856 5147 tan;

414 5181 499 5231 ter
528 5193 588 5231 se
617 5179 799 5232 armis
829 5177 1203 5245 dimicantes,
1259 5194 1429 5234 sacra
1490 5185 1548 5234 et
1590 5178 1846 5250 profana
1900 5193 2068 5233 more
2172 5177 2331 5232 mitis
2370 5182 2515 5244 erat,
2571 5181 2627 5231 et
2680 5190 2802 5231 non
2842 5173 3230 5247 sequentibus
3273 5171 3687 5244 disciplinam
3746 5185 3859 5237 tam

412 5266 874 5320 Sarracenorum
893 5265 1336 5337 diripientes,in
1364 5267 1573 5338 primis
1600 5265 1917 5320 Fulconem
1945 5266 2065 5320 An-
2174 5264 2344 5320 facile
2375 5263 2743 5333 iguoscebat,
2774 5267 2840 5318 ut
2893 5261 3143 5317 nimiam
3194 5262 3325 5330 ejus
3379 5260 3441 5314 in
3488 5260 3861 5339 delinquat).

413 5353 781 5421 degavorum
834 5352 1132 5425 comitem,
1164 5358 1538 5425 episcopatus
1583 5356 1865 5409 Turonici
1895 5360 1951 5408 et
1979 5369 2068 5408 re-
2176 5357 2263 5407 tes
2316 5350 2691 5406 clementiam
2765 5366 2835 5406 ac
2891 5348 3364 5405 misericordiam
3420 5347 3601 5405 haud
3683 5370 3860 5427 pauc;

414 5455 552 5493 rum
580 5438 737 5493 beati
782 5440 1035 5497 Martini
1086 5449 1444 5499 vastatorem
1479 5446 1506 5497 ?
1546 5445 1709 5499 Certe
1741 5441 1905 5514 apud
1936 5441 2067 5497 Gla-
2173 5440 2720 5511 reprehenderent;
2772 5436 3294 5510 quemadmodum
3365 5435 3725 5512 Jotsaldus,
3782 5450 3859 5501 Pe

418 5525 597 5580 brum
628 5526 944 5584 Rodulfum
972 5529 1033 5584 in
1062 5531 1196 5585 libr.
1216 5529 1362 5583 Hist.
1398 5534 1464 5599 ll,
1492 5535 1674 5602 caput
1692 5533 1745 5595 4,
1773 5530 1945 5598 Hugo
1962 5531 2070 5584 Tu-
2178 5531 2304 5582 trus
2337 5528 2663 5583 Damianus
2717 5542 2787 5581 ac
2832 5525 3171 5597 Sigebertus
3228 5523 3519 5579 scribunt.
3565 5528 3723 5590 Qua
3781 5534 3858 5590 ab

425 5629 636 5669 ronum
666 5616 1149 5688 archiepiscopus
1187 5616 1327 5671 dicit
1354 5624 1411 5673 et
1456 5619 1722 5691 queritur
1752 5618 2071 5673 Fulconem
2179 5615 2333 5672 batis
2362 5616 2453 5670 sui
2482 5616 2720 5671 lenitate
2759 5631 2829 5671 ac
2878 5612 3171 5685 frequenti
3198 5612 3378 5668 etiam
3427 5611 3770 5695 absentia,
3826 5630 3857 5676 ει

423 5707 608 5761 matri
625 5706 909 5762 Ecclesia:
934 5705 1086 5760 sedis
1107 5705 1219 5759 sibi
1237 5708 1819 5776 commissae,praedia
1831 5712 1889 5763 et
1908 5719 2076 5763 man-
2183 5706 2422 5775 magnis
2451 5704 2800 5763 monasterii
2837 5703 2930 5760 sui
2957 5702 3177 5777 opibus
3212 5701 3385 5767 facile
3415 5701 3857 5770 Cluniacenses

3036 5833 3051 5861 9
