3980 6382
105 261 217 313 801

1161 260 1442 315 CARMEN
1480 259 1574 313 AD
1615 256 1992 314 ROBERTUM
2031 260 2265 316 REGEM
2303 263 2526 318 NOT/E.

3450 281 3552 335 802

99 379 306 436 efferri
337 383 680 453 potuerunt,
714 381 795 435 ita
828 384 890 435 ut
935 383 1416 452 vociferarentur
1466 387 1521 437 et
1569 382 1778 437 freme-
1814 384 1861 436 A
1890 382 2016 436 chis
2049 383 2264 452 solum,
2300 386 2404 440 sed
2433 387 2611 443 etiam
2642 389 2964 448 abbatibus
2997 395 3350 468 imperabat.
3395 404 3552 467 Qua-

96 474 237 525 rent
260 469 482 524 abbate
509 473 821 540 praesente,
877 486 968 537 ac,
1018 471 1356 526 monachici
1412 470 1622 525 silentii
1671 471 1777 525 im-

92 573 427 624 memores,
462 559 784 613 clamorem
820 558 1089 614 tollerent
1114 560 1294 615 etiam
1337 559 1502 614 laicis
1534 559 1775 614 indeco-

91 662 242 702 rum
250 690 262 701 .

92 735 211 804 (43)
262 735 518 789 Lunaris
545 735 805 803 pendere
825 738 997 804 prius
1027 737 1193 792 debet
1229 743 1333 792 tua
1365 738 1548 805 pelta.

92 824 361 893 Insuper
391 838 661 892 apponas
694 824 802 878 tibi
831 826 1196 896 loricamque
1223 827 1497 880 trilicem.

94 912 440 967 Praescribit
470 912 787 966 monachis
809 913 950 978 suis,
966 914 1466 984 peregrinationis
1490 917 1771 968 Romanae

94 1002 428 1056 comitibus
463 1001 696 1062 futuris,
727 1003 895 1057 Odilo
919 1004 1147 1058 cultum
1173 1008 1228 1058 et
1250 1004 1524 1059 habitum
1557 1003 1771 1074 cuique

96 1107 306 1160 suum,
336 1090 587 1145 ridicula
617 1091 822 1146 omnia
850 1097 905 1146 et
927 1109 1062 1163 quae
1095 1091 1218 1146 ﬁeri
1252 1109 1360 1148 nec
1382 1093 1641 1147 debeant
1661 1108 1769 1146 nec

93 1179 335 1250 possint
360 1179 733 1250 praecipiens.
755 1183 814 1233 In
832 1180 1042 1250 primis
1072 1197 1251 1252 super
1272 1181 1552 1252 clypeum
1570 1197 1772 1235 amen-

93 1271 155 1322 to
207 1267 364 1322 collo
413 1267 631 1336 injecto
680 1266 1140 1338 dependentem,
1201 1269 1448 1323 loricam
1521 1269 1768 1324 induere

94 1355 372 1425 singulos
401 1355 590 1426 jubet.
624 1357 922 1411 Lunarem
951 1359 1178 1425 peltam
1210 1374 1319 1429 pro
1358 1358 1564 1413 lunata
1595 1363 1769 1413 vocat

87 1445 400 1500 Adalbero
425 1461 702 1517 parmam
735 1447 1178 1513 Amazonicam,
1231 1464 1338 1502 seu
1370 1453 1605 1502 scutum
1635 1448 1766 1502 bre-

86 1532 704 1599 vissimum,dimidi£e
720 1533 913 1602 ﬁgura
926 1534 1082 1589 lunae
1096 1534 1218 1589 duo
1233 1552 1458 1590 cornua
1471 1537 1763 1591 emittens.

85 1623 202 1691 (44)
255 1624 513 1677 Lubrica
541 1625 874 1678 sustineant
914 1626 1149 1692 galeam
1182 1627 1471 1680 cinctoria
1520 1627 1708 1681 lumbi
1744 1641 1768 1681 .'

89 1711 391 1780 Corrigiis
418 1716 600 1780 caput
628 1712 940 1766 astrictum
971 1729 1253 1769 mucrone
1279 1730 1539 1770 corones.

86 1799 286 1868 Pergit
315 1799 508 1869 Odilo,
541 1805 597 1854 et
628 1799 832 1868 galeas
859 1817 980 1855 non
1011 1801 1139 1870 jam
1171 1803 1465 1873 capitibus
1514 1802 1763 1858 fratrum

85 1889 347 1960 imponi,
382 1889 488 1943 sed
519 1889 597 1944 ad
626 1891 872 1958 cingula
906 1891 1244 1946 lumborum
1279 1892 1544 1964 appendi
1570 1893 1759 1962 jubet,

87 1981 145 2030 et
174 1976 371 2048 (quod
402 1976 606 2031 fasciis
639 1977 973 2031 cruralibus
1005 1979 1422 2047 conveniebat)
1453 1981 1648 2053 capita
1665 1998 1763 2036 e0-

85 2082 221 2120 rum
252 2065 619 2136 longissimis
651 2066 917 2133 corrigiis
968 2068 1213 2136 astringi
1277 2070 1466 2137 tigura
1525 2087 1762 2125 corona:

85 2155 406 2210 novaculis
461 2156 684 2210 circum
737 2173 894 2223 rasa,
953 2162 1056 2210 aut
1113 2163 1266 2212 certe
1331 2159 1594 2226 corrigiis
1648 2159 1760 2214 sub

84 2251 294 2300 mento
321 2244 488 2299 nexis
518 2245 673 2316 pilea
699 2245 761 2299 in
791 2246 981 2318 capite
1013 2247 1302 2302 contineri
1329 2267 1340 2315 ;
1364 2250 1618 2317 spicula,
1655 2267 1759 2304 seu

85 2334 198 2388 tela
260 2340 400 2405 post
459 2339 689 2403 tergum
732 2335 914 2404 rejici,
978 2335 1212 2404 gladios
1259 2337 1436 2391 nudis
1479 2337 1759 2393 dentibus

82 2423 394 2478 mordicus
422 2424 604 2478 teneri
629 2424 898 2496 praecipit
931 2441 941 2477 :
977 2425 1129 2480 sicut
1162 2426 1498 2481 Ranimirus
1530 2432 1594 2496 'll,
1619 2433 1758 2483 Ara-

83 2497 448 2579 gonensium
477 2527 600 2577 rex,
631 2513 900 2568 habenas
927 2515 1061 2586 equi
1097 2515 1188 2569 sui
1237 2516 1497 2570 tenuisse
1542 2517 1757 2572 dicitur

82 2607 374 2656 armatus.

79 2690 334 2758 Spicula
361 2696 496 2759 post
526 2697 758 2761 tergum
792 2698 1007 2754 teneas,
1043 2697 1168 2746 tum
1199 2693 1472 2748 dentibus
1499 2711 1714 2751 ensem.

151 2782 448 2835 Caeterum
477 2795 768 2836 coronare
788 2785 968 2852 caput
989 2781 1227 2852 proprie
1251 2782 1397 2836 dixit
1429 2783 1748 2838 Adalbero.

81 2868 355 2924 Monachi
383 2868 544 2923 enim
571 2873 749 2941 atque
772 2870 954 2925 etiam
995 2870 1189 2924 clerici
1231 2871 1290 2926 in
1345 2888 1633 2927 coronam
1665 2877 1751 2928 at-

84 2957 507 3012 tendebantur.
542 2961 872 3012 Tonsuram
903 2959 1058 3013 hanc
1083 2959 1380 3031 hodieque
1411 2961 1490 3016 ob
1522 2961 1583 3015 id
1616 2962 1752 3016 utri-

82 3063 220 3118 que,
249 3046 429 3101 veteri
458 3047 720 3113 nomine,
747 3064 1026 3103 coronam
1053 3049 1377 3120 appellant.

85 3137 191 3208 (45)
235 3139 314 3192 E’t
346 3139 500 3207 cogit
519 3140 772 3206 juvenes
801 3141 986 3194 lentos
1013 3140 1330 3196 ascendere
1356 3157 1594 3206 currus,

85 3228 280 3296 Atque
307 3241 514 3282 senum
538 3228 829 3296 praecepit
859 3243 1033 3298 equos
1065 3230 1454 3284 conscendere
1486 3231 1744 3285 turbam.

156 3318 236 3370 Ex
267 3315 582 3370 monachis
612 3316 715 3387 qui
745 3316 946 3387 ipsum
972 3316 1032 3370 in
1067 3317 1291 3372 Italiam
1306 3318 1564 3373 secuturi
1588 3323 1744 3386 sunt,

82 3403 348 3472 juniores
380 3403 550 3458 Odilo
579 3404 638 3458 in
667 3421 896 3468 currus,
929 3420 1099 3459 senes
1131 3405 1191 3460 in
1231 3422 1418 3477 equos
1447 3407 1703 3479 imponit
1732 3426 1744 3474 ;

88 3508 220 3547 cum
248 3497 460 3548 contra
484 3492 735 3562 juvenes
758 3493 948 3565 equis,
996 3509 1168 3548 senes
1217 3495 1514 3562 curribus,
1571 3496 1744 3568 plau-

89 3581 217 3634 sti-is
243 3581 520 3636 rhedisve
551 3582 685 3636 vehi
713 3586 1026 3653 oporteret.
1062 3582 1204 3637 Hinc
1232 3587 1393 3654 patet
1430 3601 1565 3655 quze
1596 3584 1746 3638 fides

86 3669 367 3726 habenda
397 3670 470 3725 sit
485 3671 637 3740 jocis
666 3670 1186 3740 Adalberonianis,
1248 3678 1309 3727 ut
1355 3673 1628 3728 omittam
1661 3689 1746 3726 se-

85 3760 345 3831 quentia.

83 3850 185 3920 (4ϋι
224 3850 574 3906 Ascendant
603 3851 838 3906 asinum
863 3851 1005 3916 bini,
1033 3851 1284 3921 denique
1313 3854 1604 3909 camelum
1640 3871 1652 3907 :

83 3939 146 3992 Si
167 3955 282 3994 rion
313 3940 645 4008 sufﬁciunt,
681 3939 961 3995 bubulum
990 3941 1363 3995 conscendite
1385 3943 1560 3996 terni.

153 4033 277 4083 ξέοι]
310 4027 742 4083 sufﬁcientibus
780 4029 972 4100 equis,
1035 4029 1204 4084 Odilo
1255 4029 1502 4097 singulis
1556 4031 1742 4087 asinis

81 4115 251 4173 blltOS
309 4134 340 4172 e
391 4118 709 4173 comitibus
766 4119 889 4173 suis
939 4135 1078 4173 cum
1129 4119 1370 4174 famulis
1402 4124 1531 4175 tum
1561 4122 1741 4178 etiam

82 4206 412 4274 monachis,
443 4207 690 4276 singulis
709 4207 949 4263 bubalis
975 4213 1190 4278 ternos,
1224 4209 1472 4277 singulis
1496 4211 1739 4266 camelis

82 4295 264 4351 delos
289 4295 462 4366 jubet
484 4296 764 4351 insidere.
802 4300 931 4352 HEBC
957 4297 1202 4368 quidem
1242 4298 1491 4353 ridicula
1518 4304 1656 4354 sunt
1686 4305 1742 4356 et

80 4383 248 4453 ﬁcfa;
283 4401 356 4440 ex
391 4385 478 4439 his
517 4390 721 4441 tamen
774 4386 1118 4453 intelligitur
1174 4387 1437 4442 Odilonis
1489 4393 1741 4445 Romam

80 4473 505 4543 proﬁciscentis
552 4474 887 4529 maximum
935 4475 1116 4529 fuisse
1169 4476 1538 4532 comitatum.
1591 4482 1741 4535 Nam

79 4578 211 4618 cu:n
243 4563 423 4619 turba
453 4579 667 4618 senum
694 4579 835 4618 eum
865 4568 1068 4619 secuta
1121 4581 1249 4620 esse
1303 4565 1554 4636 dicatur,
1601 4568 1737 4640 quis

76 4667 193 4706 non
211 4653 802 4723 videt,nonintelligit
830 4654 1019 4709 multo
1046 4655 1342 4724 majorem
1365 4655 1416 4710 ei
1440 4657 1737 4726 juvenum

79 4742 518 4798 multitudinem
550 4743 818 4798 adfuisse
844 4744 871 4798 ?
921 4743 1084 4798 Unde
1124 4743 1364 4814 subjicit
1392 4744 1687 4801 Adalbero
1723 4764 1736 4800 :

197 4833 399 4888 Millia
428 4834 596 4888 mille
621 4833 738 4887 viri
765 4833 1098 4901 procedunt
1128 4838 1269 4887 ante
1288 4834 1554 4903 quirites.

147 4923 297 4976 Sane
328 4937 694 4994 quocunque
719 4921 997 4990 degebat,
1038 4937 1403 4992 quocunque
1451 4923 1737 4994 procede-

77 5007 175 5064 bat
205 5009 443 5082 (Odilo),
478 5013 644 5066 tanta
673 5011 1037 5082 sequebatur
1065 5026 1206 5064 eum
1236 5010 1570 5081 frequentia
1617 5011 1736 5067 fra-

78 5102 229 5154 trum
261 5105 326 5156 ut
344 5102 474 5172 jam
499 5117 623 5155 non
653 5100 872 5155 ducem
901 5103 1004 5155 aut
1023 5099 1374 5171 principem,
1397 5099 1501 5153 sed
1527 5116 1735 5158 revera

76 5193 312 5258 putares
342 5206 482 5246 eum
513 5207 648 5245 esse
679 5189 1110 5260 archangelum
1141 5189 1600 5258 monachorum,
1650 5191 1734 5246 uti

74 5279 367 5335 Jotsaldus
393 5281 454 5335 in
484 5281 603 5336 vita
633 5281 762 5351 ejus
789 5279 1094 5336 memoria;
1110 5279 1287 5336 tradit
1313 5277 1353 5352 ['
1373 5279 1436 5335 in
1457 5285 1733 5337 sanctum

75 5367 265 5423 virum
293 5373 360 5424 ut
390 5370 784 5425 reverentiam
810 5370 1042 5442 probet,
1074 5386 1194 5426 non
1227 5374 1587 5442 apparatum
1627 5371 1731 5426 de-

77 5457 306 5514 scribat.
329 5459 708 5530 Archangeli
733 5459 999 5529 nomine,
1032 5459 1111 5515 ob
1142 5459 1426 5516 eximiam
1457 5461 1734 5518 sanctita-

76 5547 187 5600 tem
215 5563 355 5602 eum
383 5548 534 5603 inter
559 5548 708 5604 alios
731 5548 948 5605 salutat
979 5549 1285 5604 Fulbertus
1325 5550 1726 5605 Carnutensis.

76 5633 265 5706 80150.]
295 5637 437 5692 Dua:
469 5641 671 5694 autem
700 5637 795 5692 ille
834 5642 891 5692 et
930 5639 1216 5707 princeps
1262 5639 1728 5708 monachorum,

76 5721 162 5777 vel
189 5723 389 5796 potius
418 5741 548 5797 rex,
579 5730 646 5784 ut
673 5741 857 5799 supra
880 5729 1282 5799 nuncupatur,
1332 5742 1455 5784 non
1511 5741 1721 5783 mona-

1889 472 2221 528 tuordecim
2266 476 2630 533 monasteria
2679 480 2910 536 Odiloni
2944 484 3211 556 subjecta
3259 497 3555 548 memorat

1885 561 2189 616 Jotsaldus
2221 579 2326 633 per
2357 567 2782 637 Burgundiam,
2834 573 3240 646 Aquitaniam,
3301 585 3357 635 et
3410 583 3552 637 Pro-

1884 648 2168 742 vinciam,
2203 667 2270 706 ac
2302 655 2720 711 Nantuadense
2752 663 3206 734 monasterium,
3248 670 3412 740 quod
3441 671 3552 742 ipsi

1887 736 2249 793 Gislebertus
2281 757 2481 796 comes
2514 746 2937 813 corrigendum
2969 736 3310 811 tradiderat.
3344 736 3480 813 Sed-
3497 766 3553 816 et

1884 826 2230 892 Willelmus,
2287 829 2410 885 dux
2468 833 2923 904 Aquitanorum,
2987 842 3297 900 Odilonem
3347 849 3548 905 multis

1884 917 2241 988 magnisque
2277 922 2625 976 muneribus
2679 926 2752 979 ad
2787 944 2847 981 se
2903 931 3097 996 traxit,
3159 939 3214 988 et
3261 939 3550 996 nonnulla

1883 1005 2159 1060 crenobia
2188 1024 2311 1062 suae
2345 1009 2582 1065 ditionis
2609 1014 2738 1082 ejus
2770 1019 3110 1086 magisterio
3159 1028 3548 1084 commenda-

1882 1093 1983 1158 vit,
2013 1094 2074 1148 in
2106 1097 2312 1166 primis
2342 1100 2733 1172 lngeriacum,
2767 1110 2823 1159 et
2867 1112 3299 1168 monasterium
3353 1118 3549 1172 Sancti

1880 1184 2155 1253 Cypriani
2185 1185 2243 1239 in
2272 1187 2621 1245 suburbano
2672 1193 3048 1253 Pictavorum
3078 1202 3359 1272 positum.
3390 1207 3548 1262 Idem

1881 1273 2141 1328 Rotberti
2171 1276 2326 1341 regis
2355 1279 2724 1336 Francorum
2751 1301 2763 1348 ;
2806 1285 3106 1342 Adelaidis
3136 1295 3285 1361 Aug.
3318 1296 3544 1365 matris,

1879 1361 2028 1414 aviae
2061 1363 2384 1419 amborum
2417 1368 2700 1424 Ottonum
2733 1372 2985 1430 Heinrici
3016 1376 3391 1449 imperatoris
3433 1361 3545 1440 Ro;

1877 1464 2222 1515 manorum,
2252 1453 2356 1523 qui
2388 1461 2688 1526 sceptrum
2721 1465 2776 1514 et
2807 1464 3104 1533 sphzeram
3138 1474 3190 1521 et
3220 1469 3542 1541 imperato-

1874 1554 2028 1593 riam
2061 1557 2346 1597 coronam
2379 1560 2450 1597 ex
2481 1561 2628 1601 auro
2657 1549 2937 1607 Cluniaco
2989 1555 3188 1623 dedit;
3246 1561 3544 1618 Chonradi

1875 1643 2117 1699 quoque
2137 1635 2192 1684 et
2215 1632 2446 1687 Henrici
2479 1635 2607 1701 ejus
2639 1637 2741 1692 ﬁlii
2771 1645 3072 1699 Caesarum
3097 1648 3391 1719 amicitiis,
3416 1652 3543 1707 ofﬁ-

1805 1736 1847 1789 B
1876 1716 2000 1781 ciis,
2033 1723 2089 1772 et
2117 1721 2469 1777 muneribus
2494 1725 2825 1783 honoratus
2857 1738 2946 1787 est
2970 1753 2980 1800 ;
3008 1751 3043 1789 a
3067 1716 3542 1814 Stephanovq'io-

1875 1823 1992 1877 que
2017 1825 2153 1877 rege
2189 1813 2604 1876 Hungarorum
2633 1822 2688 1872 et
2718 1835 2753 1873 a
2786 1822 2996 1878 Sancio
3043 1842 3179 1894 rege
3221 1832 3541 1887 Cantabro—

1873 1911 2008 1950 rum
2039 1904 2095 1952 et
2127 1902 2523 1957 Navarrorum
2554 1905 2715 1961 idem
2732 1908 2955 1966 litteras
2987 1931 3123 1970 cum
3151 1917 3458 1976 beneticiis
3486 1928 3540 1978 et

1873 1987 2224 2042 muneribus
2256 1992 2522 2063 accipere
2557 2007 2967 2056 consueverat.
2999 2006 3346 2065 Monasteria
3385 2027 3539 2067 nou-

1871 2076 2036 2131 nulla
2081 2079 2788 2148 partimafundamentis
2820 2095 3124 2164 exstruxit,
3181 2099 3400 2167 partim
3448 2118 3538 2156 sc-

1871 2164 2110 2231 miruta,
2144 2167 2236 2221 vel
2270 2170 2506 2225 ruinam
2539 2174 2830 2232 minantia
2863 2180 3082 2248 refecit,
3103 2164 3345 2254 praediis
3376 2191 3541 2246 auxit

1869 2257 1925 2306 et
1955 2253 2290 2321 insignibus
2319 2263 2710 2328 ornamentis,
2744 2268 3058 2322 monachis
3099 2253 3382 2344 implevit.
3438 2282 3540 2333 Ne-

1868 2356 1986 2412 que
2018 2341 2096 2396 ab
2128 2343 2451 2400 abbatibus
2483 2350 2687 2415 modo,
2718 2369 2926 2410 verum
2957 2359 3136 2414 etiam
3186 2341 3264 2418 ab
3307 2366 3537 2437 episco-

1867 2429 1960 2500 pis
1987 2430 2267 2487 ofﬁciosis
2299 2435 2603 2508 obsequiis
2627 2457 3068 2516 nonnunquam
3092 2429 3536 2512 honoris‘causa

1869 2520 2293 2618 excipiebatur.
2339 2526 2792 2618 Interiabbates
2840 2533 3021 2603 igitur
3061 2541 3392 2598 Gallicanos
3430 2547 3534 2618 qui

1868 2613 1992 2704 tum
2025 2616 2195 2665 erant
2226 2629 2414 2684 usque
2447 2617 2524 2670 ad
2551 2619 2973 2691 episcoporum
3004 2625 3291 2685 invidiam
3311 2613 3528 2704 felices,

1865 2695 2076 2752 divites
2103 2705 2158 2754 et
2187 2700 2385 2770 validi,
2421 2705 2685 2761 maxime
2725 2709 3028 2769 eminebat
3085 2733 3154 2772 ac
3210 2721 3391 2776 veluti
3438 2695 3529 2779 re;

1864 2787 2090 2854 gnabat
2119 2788 2306 2857 Odilo,
2361 2792 2624 2849 Cluniaci
2673 2798 3109 2868 opulentissimi
3158 2813 3527 2884 monasterii,

1863 2881 1919 2929 et
1945 2881 2030 2930 tot
2059 2893 2128 2931 ac
2166 2883 2462 2936 tantorum
2491 2885 2903 2943 coenobiorum
2937 2907 3042 2961 per
3063 2898 3246 2951 totam
3276 2881 3527 2957 Galliam

1864 2969 1919 3060 et
1977 2967 2461 3035 Longobardiam
2544 2989 2789 3046 quoque
2849 2979 3206 3040 ditiusorum
3265 2995 3524 3060 potens;

1783 3087 1824 3142 ρ
1863 3053 2291 3124 imperatorum
2321 3064 2376 3113 et
2406 3076 2616 3129 regum
2644 3079 2830 3137 prope
2863 3085 2934 3123 ex
2965 3088 3140 3143 aequo
3167 3053 3417 3134 amicus.

1859 3142 1967 3213 (47;
2001 3145 2201 3200 Millia
2234 3149 2401 3203 mille
2434 3153 2552 3204 viri
2568 3157 2904 3220 procedunt
2931 3142 3071 3216 ante
3105 3164 3380 3230 Quirites.

1931 3232 2101 3288 Odilo
2129 3235 2401 3305 plurimis
2428 3240 2744 3298 comitatus
2777 3249 3091 3304 monachis
3128 3255 3376 3311 Romam
3427 3275 3525 3314 ve-

1857 3319 1962 3389 nit,
1987 3326 2043 3376 et
2072 3325 2466 3394 spectandam
2523 3331 2831 3388 Romanus
2874 3336 3180 3405 ingressus
3233 3345 3323 3400 sui
3348 3363 3523 3418 pom-

1856 3424 2001 3480 pam
2033 3412 2319 3469 exhibuit.

1855 3520 1910 3583 (4
1953 3517 1969 3586 )
2009 3520 2119 3574 Res
2137 3523 2344 3589 agitur
2366 3523 2535 3590 ferro
2569 3530 2754 3582 ternis
2775 3534 3023 3597 prolata
3044 3537 3267 3594 diebus.

1928 3625 2162 3716 Legitur
2187 3627 2334 3682 alias
2360 3645 2372 3681 :
2407 3633 2515 3684 Res
2545 3635 2748 3701 agitur
2769 3637 3056 3709 ferroque
3101 3646 3290 3701 tribus
3318 3654 3523 3716 prola-

1855 3719 1917 3806 ta
1947 3715 2170 3806 dieous.
2205 3716 2358 3780 Quid
2387 3719 2500 3774 hoc
2533 3738 2708 3778 versu
2751 3729 2807 3780 et
2859 3743 3076 3786 novem
3127 3715 3517 3806 sequentibus

1851 3803 2173 3893 describat,
2194 3810 2296 3861 aut
2324 3807 2471 3878 quid
2501 3809 2611 3865 sibi
2641 3812 2780 3868 velit
2811 3816 3135 3893 Adalbero,
3154 3803 3318 3881 haud
3347 3829 3518 3888 facile

1852 3891 2014 3946 dictu
2046 3897 2150 3948 est.
2183 3896 2324 3950 Rem
2358 3897 2518 3952 enim
2541 3901 2710 3968 ferro
2741 3920 2848 3975 per
2873 3891 3144 3967 triduum
3190 3923 3409 3982 actam,
3466 3926 3522 3977 et

1846 3998 2116 4052 pugnam
2143 3994 2576 4044 commemorat
2605 3992 2884 4049 Kalendis
2937 4001 3364 4062 Decembribus
3411 4026 3520 4082 pu—

1852 4075 2119 4170 gnatam,
2143 4076 2199 4127 et
2229 4073 2600 4170 signiferum,
2631 4081 3009 4156 qui,cuspide
3041 4105 3197 4161 equo
3228 4073 3516 4170 dejectus,

1851 4160 2136 4256 vexillum
2168 4162 2469 4256 reliquerit
2495 4168 2762 4241 turpiter,
2822 4178 2877 4228 et
2916 4192 3054 4231 cum
3095 4160 3344 4254 reliquis
3374 4160 3519 4256 fuga

1852 4248 2105 4304 domum
2135 4253 2489 4323 repetiverit.
2509 4258 2765 4314 Omnino
2792 4261 3065 4332 designat
3093 4248 3516 4344 rem‘aliquain

1853 4337 1978 4392 risu
2007 4339 2279 4409 dignam,
2334 4358 2470 4413 quae
2527 4347 2726 4402 Roma:
2785 4351 3018 4408 Odiloni
3075 4337 3514 4434 comitibusque

1774 4443 1818 4496 ι]
1853 4425 1982 4495 ejus
2013 4427 2310 4497 acciderit,
2335 4434 2391 4483 et
2421 4431 2650 4487 malum
2680 4439 3172 4508 peregrinationis
3211 4425 3508 4508 eventum.

1852 4552 1965 4642 (β)
2004 4552 2270 4642 signifer
2294 4555 2355 4608 in
2383 4557 2573 4612 medio
2590 4574 2882 4628 properas
2904 4581 3021 4621 non
3051 4573 3300 4626 stertere
3319 4575 3514 4642 ccepi:

1850 4640 2106 4694 Dissutis
2129 4643 2322 4708 malis,
2342 4645 2558 4712 ﬂatum
2580 4653 2916 4718 pugnando
2945 4657 3141 4724 rejeci.
3171 4652 3178 4660 ’

1921 4765 2196 4858 :S‘ignifer
2221 4766 2326 4822 iste
2366 4769 2427 4824 in
2481 4772 2671 4826 medio
2727 4777 2965 4843 agmine
3021 4781 3270 4853 positus,
3327 4803 3509 4858 quem

1849 4852 2152 4945 Adalbero
2183 4855 2257 4910 de
2291 4873 2351 4912 se
2379 4857 2724 4931 loquentem
2755 4863 2999 4934 inducit,
3031 4869 3199 4926 Odilo
3239 4852 3366 4945 ipse
3422 4883 3511 4934 est

1847 4941 1952 5013 qui
1982 4942 2196 4998 fatetur
2229 4961 2291 4999 se
2320 4945 2530 5003 ﬂatum
2561 4952 2781 5007 ventris
2832 4959 3166 5026 pugnando
3217 4941 3505 5036 emisisse,

1849 5047 1957 5087 seu
1989 5030 2222 5106 βδέσμα,
2257 5051 2326 5090 ac
2353 5053 2491 5092 cum
2523 5040 2643 5094 suis
2673 5041 2817 5111 fuga
2845 5045 3060 5102 Gallias
3082 5050 3318 5121 petiisse
3349 5073 3362 5110 :

1848 5137 1997 5193 Cum
2027 5141 2272 5210 reliquis
2301 5144 2562 5215 fugiens,
2589 5151 2881 5216 genitalia
2906 5169 3093 5224 regna
3120 5162 3322 5226 petivi.

1916 5251 2073 5317 Haec,
2103 5266 2224 5322 quo
2256 5253 2449 5323 magis
2474 5255 2707 5325 mirere,
2737 5260 2955 5333 scripta
3005 5271 3144 5322 sunt
3190 5269 3324 5326 vivo
3374 5276 3506 5331 Odi-

1841 5335 1999 5407 lone,
2031 5337 2134 5428 qui
2164 5354 2325 5394 anno
2359 5341 2512 5412 1048,
2544 5345 2730 5401 (etatis
2753 5352 2840 5416 87,
2874 5353 3064 5409 multo
3089 5364 3229 5428 post
3252 5362 3504 5421 Adalbe-

1841 5440 2051 5481 ronem
2080 5425 2284 5497 ipsum
2313 5429 2586 5488 decessit.

1842 5533 1951 5631 (ἕο)
2155 5541 2406 5603 patrata
2435 5541 2588 5595 scias
2628 5543 2691 5596 in
2715 5548 2919 5613 prima
2959 5553 3088 5609 luce
3116 5557 3451 5616 Decembris
3480 5579 3503 5631 ,·

1838 5622 1967 5677 Hoc
1995 5623 2194 5677 itidem
2224 5625 2440 5681 Martis
2467 5631 2800 5688 tentabitur
2819 5644 2960 5694 ante
2985 5643 3318 5703 Kalendas.

1912 5731 2032 5785 Hoc
2054 5731 2259 5788 nescio
2287 5734 2436 5806 quid
2462 5739 2664 5796 Romaa
2691 5744 3010 5817 contigisse
3055 5750 3280 5811 indicat
3321 5755 3494 5810 Adel-
