3980 6428
1163 252 1450 309 CARMEN
1485 251 1580 306 AD
1620 245 1995 305 ROBER'I'UM
2034 249 2272 309 REGE!
2310 250 2534 310 ΝΟΤᾸΞ.

3449 252 3555 314 800

121 377 378 440 mortuo,
406 372 588 430 etiam
627 373 990 445 imperator;
1040 374 1471 440 Leotherieum,
1504 378 1641 446 post
1671 374 1770 427 Se-
1808 373 1859 422 Δ
1887 374 1999 442 (58)
2042 375 2284 431 Ordinis
2310 383 2392 433 est
2424 373 2614 447 igitur
2646 377 2770 433 hac
2801 379 3262 447 transformata)
3291 381 3480 450 regni.

121 464 405 518 nonicum
452 462 1006 534 archiepiscopum;
1048 469 1334 535 lngonem
1375 463 1689 529 abbatem;
1721 465 1780 515 et

123 552 468 607 Fulbertum
523 553 916 608 Carnutinum
969 554 1342 625 episcopum.
1409 575 1435 602 ‹‹
1465 552 1777 607 Rotbertus

120 641 365 713 quidem
397 655 435 696 Β
460 645 649 695 matre
682 641 909 696 SCllOltB
941 643 1218 697 Remensi
1247 642 1518 703 traditus,
1552 640 1779 694 domno

124 729 387 786 Girberto
428 728 509 784 ad
537 729 937 785 erudiendum
985 736 1076 785 est
1104 731 1302 794 datus,
1329 730 1432 802 qui
1465 743 1602 784 cum
1633 729 1779 782 libe-

123 818 348 874 ralibus
380 818 696 874 instrueret
725 819 1076 890 disciplinis,
1099 843 1127 870 »
1177 825 1240 876 ut
1289 820 1606 886 Helgaldus
1639 818 1780 873 scri~

127 909 226 964 bit.
253 913 470 964 Auctor
494 913 581 964 est
600 908 946 979 Willelmus,
970 910 1397 966 Malmesburiae
1427 909 1783 974 monachus,

124 998 183 1052 in
215 998 367 1052 libro
416 998 682 1054 secundo
730 1002 948 1053 Rerum
977 1000 1399 1068 Anglicarum;
1444 999 1785 1054 Getbertum

127 1089 549 1157 astrologiam,
600 1087 882 1153 abacum.
935 1093 1298 1161 oteterasque
1351 1094 1506 1144 artes
1559 1089 1788 1143 mathe~

128 1175 377 1231 maticas
421 1192 457 1231 a
498 1177 838 1232 Sarracenis
878 1177 1369 1248 Hispaniensibus
1400 1178 1700 1244 didicisse,
1733 1179 1791 1231 et

131 1265 188 1319 in
219 1264 408 1320 Gallia
439 1264 675 1320 scholas
707 1266 981 1337 publicas
1008 1267 1312 1338 aperuisse
1345 1287 1355 1321 :
1386 1289 1413 1316 ››
1446 1284 1630 1338 quem
1663 1268 1793 1320 Otto

131 1354 315 1426 ipsius
364 1353 694 1425 discipulus
732 1357 1228 1424 philosophorum
1284 1358 1709 1426 peritissimum
1741 1361 1792 1410 et

127 1443 322 1497 tribus
346 1443 748 1512 philosophiae
792 1446 1073 1512 partibus
1109 1447 1447 1501 laureatum
1490 1445 1550 1499 in
1595 1444 1798 1499 litteris

127 1531 408 1604 appellat.
467 1531 581 1586 Alii
639 1533 862 1586 ltorello
917 1533 1250 1588 marchioui
1302 1533 1795 1589 commendatum

127 1621 206 1677 ab
254 1620 658 1676 Aureliacensi
705 1622 945 1690 abbate,
977 1627 1034 1678 et
1082 1623 1160 1678 ab
1207 1623 1450 1679 Haitone
1501 1624 1796 1694 Hispaniae

1961 465 2106 519 Ηιυε
2137 465 2326 534 igitur
2368 466 2532 538 apud
2586 469 2840 521 Francos
2871 468 3104 522 ordinis
3144 468 3438 524 clericalis
3484 481 3551 525 sa

1888 552 2296 619 cerdotalisve,
2330 571 2397 609 ac
2438 554 2738 627 prmcipue
2788 556 3107 610 monastici
3152 558 3552 626 trans/orrum

1888 643 1988 702 tio,
2025 643 2190 709 regni
2239 644 2426 715 ipsius
2474 644 2918 700 transformatio
2968 652 3073 701 est.
3129 649 3212 701 Ita
3252 644 3556 705 concludit

1890 730 2215 797 Adalbero;
2253 732 2413 787 hunc
2444 746 2554 788 suo
2602 733 2866 788 sermoni
2896 733 3187 788 adversus
3227 736 3561 790 monachos

1891 818 2096 874 habito
2139 819 2324 875 ﬁnem
2371 820 2643 892 imponit.
2692 821 2856 877 Idem
2905 822 3069 878 initio
3102 823 3334 879 dixerat
3364 824 3544 879 hocce

1895 923 2071 962 VRI‘SU
2091 925 2105 964 2

1899 998 1972 1053 Ut
1998 1001 2195 1066 placet
2227 1001 2496 1069 imperio,
2523 1002 2607 1055 sic
2637 1015 2696 1056 se
2725 1003 3120 1071 transfumat
3145 1008 3204 1058 et
3233 1003 3402 1070 ordo,

1971 1089 2116 1143 Item
2141 1105 2153 1142 :

1900 1180 2102 1234 Deviet
2134 1180 2236 1233 ille
2258 1193 2430 1234 sacer
2458 1179 2530 1235 de
2557 1180 2691 1235 sede
2719 1182 3083 1237 monasticus
3114 1183 3282 1237 ordo.

1974 1269 2137 1323 Certe
2168 1269 2498 1323 monachos
2527 1269 2879 1336 Gallicanos,
2913 1271 3004 1324 vel
3039 1272 3372 1339 Francicos,
3400 1273 3564 1328 hanc

1902 1371 2121 1428 parum
2153 1356 2332 1410 fuisse
2364 1361 2487 1411 tum
2520 1357 2826 1428 dyscolos,
2857 1363 2914 1413 et
2965 1369 3000 1414 α
3028 1357 3345 1431 disciplina
3374 1361 3564 1416 desci-

1902 1446 2059 1500 visse
2104 1445 2324 1500 docent
2370 1459 2493 1501 non
2542 1447 2725 1501 modo
2767 1452 2852 1502 tot
2890 1448 3281 1504 Adalberonis
3327 1459 3562 1521 versus,

1905 1535 2011 1589 sed
2040 1535 2218 1590 etiam
2251 1534 2439 1589 multa
2478 1536 2842 1592 monasteria
2885 1537 2947 1591 in
2985 1549 3172 1606 regno
3206 1535 3568 1594 Francorum

1909 1621 2242 1678 clarissima
2293 1629 2349 1678 et
2393 1623 2870 1694 opulentissima,
2904 1625 2963 1679 in
3009 1626 3216 1697 primis
3265 1632 3568 1682 monaste-

123 1711 416 1782 episoopo
446 1711 764 1766 mathesim
795 1711 1075 1767 edoctum
1105 1729 1237 1768 esse
1259 1713 1636 1767 verisimilius
1659 1729 1796 1784 pro-
1831 1721 1868 1773 Β
1911 1713 2067 1766 rium
2094 1712 2458 1767 Parisiacum
2502 1714 2855 1768 Sanctorum
2887 1713 3167 1768 Vincentii
3219 1719 3399 1786 atque
3431 1718 3568 1771 Ger-

130 1800 380 1856 didere:
433 1805 491 1854 et
521 1800 815 1855 Borellum
848 1801 1010 1856 hunc
1053 1818 1212 1856 nunc
1259 1804 1464 1858 ducem
1506 1803 1799 1858 citerioris

131 1890 465 1958 Hispania,
497 1903 657 1944 nunc
711 1892 980 1945 comitem
1025 1893 1527 1946 Barcinonenscm
1558 1894 1796 1946 vocant.

130 1981 238 2049 (56)
272 1981 557 2034 Plurima
589 1995 678 2034 me
703 1980 901 2034 docuit
932 1982 1327 2049 Neptanabus
1361 1984 1466 2036 ille
1494 1983 1796 2050 magister,

135 2069 392 2122 Labitur
416 2069 562 2122 aula
590 2068 769 2122 tholis
793 2070 1008 2123 rutilat
1033 2086 1149 2138 quo
1179 2071 1498 2137 splendida
1523 2071 1732 2138 fulvis.

203 2160 329 2213 Rex
396 2156 505 2212 fuit
570 2157 812 2228 Egypti
879 2158 1255 2224 Nectanabis,
1324 2159 1578 2225 Agesilai
1643 2159 1800 2225 regis

135 2248 574 2318 Spartanorum
604 2245 878 2317 aequalis,
897 2247 1068 2315 cujus
1099 2249 1452 2303 Nectanabis
1479 2249 1571 2302 vel
1603 2249 1803 2302 Necta-

133 2335 379 2392 nabidis
423 2334 588 2391 haud
633 2336 817 2391 semel
862 2337 1130 2391 meminit
1184 2337 1238 2392 in
1275 2338 1546 2407 Agesilao
1587 2338 1805 2392 Plutar-

134 2427 286 2480 chus
335 2425 768 2491 Chmroneneis,
802 2425 1072 2480 meminit
1120 2430 1178 2481 et
1223 2427 1518 2481 Diodorus
1551 2427 1802 2494 Siculus,

132 2515 228 2570 cui
279 2530 448 2569 nunc
480 2515 848 2573 Nectenebis.
872 2515 1198 2576 Νεκτανεϐὶς,
1225 2533 1385 2570 nunc
1413 2516 1803 2582 Nectanebos,

140 2603 456 2665 Νεκτανεϐὀς
503 2603 736 2659 dicitur.
771 2603 954 2658 Plinio
994 2604 1055 2658 in
1097 2605 1231 2659 libri
1284 2622 1457 2660 xxxvx
1507 2605 1699 2676 capite
1752 2608 1806 2671 9,

138 2694 423 2749 Nec-tabis
453 2709 556 2747 rex
585 2697 862 2764 corrupte
894 2709 1002 2764 pro
1049 2694 1422 2748 Nectanabis.
1455 2693 1808 2749 Nectanabis

136 2799 285 2853 ergo
318 2782 412 2838 ille
439 2782 533 2838 vel
578 2782 967 2846 Nectenebos,
1000 2782 1047 2836 is
1079 2788 1168 2837 est
1195 2784 1300 2855 qui
1327 2784 1405 2838 ab
1432 2783 1808 2839 Adalberone

140 2877 425 2944 corrupte
482 2872 869 2942 Neptanabus
928 2877 1192 2927 vocatur.
1244 2874 1666 2941 Neptunabum
1711 2887 1813 2926 au-

144 2967 266 3017 tem
340 2961 436 3016 vel
508 2960 725 3031 potius,
788 2961 1200 3016 Nectanabum
1273 2961 1536 3027 nomine,
1597 2961 1812 3016 veteris

1911 1802 2096 1870 mani,
2125 1801 2557 1856 monasterium
2609 1802 2804 1858 Sancti
2849 1801 3110 1874 Dionysii
3154 1804 3434 1876 martyris
3483 1809 3572 1860 tu-

1910 1891 2074 1946 mulo
2132 1890 2372 1956 illustre,
2416 1891 2846 1946 mouasterium
2904 1894 3246 1947 Fossatense
3297 1899 3354 1948 et
3393 1893 3569 1964 plura

1910 1981 2026 2036 alia
2086 1997 2122 2034 a
2183 1978 2402 2033 Glabro
2469 1979 2721 2035 Rodulfo
2787 1981 3133 2051 caeterisque
3197 1987 3566 2049 memorata;

1911 2087 2172 2142 quorum
2204 2069 2482 2123 monachi
2512 2086 2651 2123 cum
2673 2070 2857 2124 vitam
2883 2085 3036 2140 pene
3059 2071 3409 2126 saecularem
3436 2085 3572 2143 age-

1912 2163 2062 2222 rent,
2095 2159 2174 2213 ad
2203 2158 2564 2212 servandam
2609 2159 2799 2213 sancti
2841 2159 3141 2214 Benedicti
3171 2161 3442 2230 regulam
3469 2171 3574 2216 au-

1913 2249 2177 2305 ctoritate
2210 2248 2372 2315 regia
2413 2253 2470 2302 et
2506 2247 2822 2302 meliorum
2852 2248 3127 2304 immissu
3175 2255 3355 2322 atque
3393 2268 3578 2324 opera.

1915 2336 2316 2409 compellendi
2356 2335 2612 2391 fuerunt.
2648 2335 2775 2392 Odo
2806 2337 2867 2391 in
2907 2337 3033 2393 Vita
3073 2340 3366 2395 Buchardi
3396 2340 3578 2396 comi-

1917 2427 1987 2481 tis
2023 2426 2141 2480 ait:
2192 2426 2626 2494 Magonardum
2678 2428 3089 2482 Fossatensem
3132 2429 3439 2498 abbatem,
3491 2429 3578 2483 vi-

1917 2530 2052 2568 rum
2105 2513 2389 2578 nobilem,
2451 2513 2711 2584 aucupio
2781 2521 2839 2569 et
2912 2516 3164 2572 canibus
3237 2532 3308 2572 ac
3359 2522 3580 2573 Venatu

1917 2602 2276 2657 delectatum
2306 2617 2458 2669 esse,
2488 2606 2562 2668 et,
2597 2602 2644 2656 si
2688 2615 2810 2672 quo
2839 2602 2966 2669 iret,
3000 2603 3285 2675 depositis
3314 2605 3579 2661 vestibus

1917 2692 2307 2759 monachicis,
2331 2692 2621 2762 pretiosas
2647 2691 2833 2763 pelles
2862 2693 3050 2756 indui,
3075 2699 3128 2750 et
3156 2694 3579 2750 oalamaucum

1917 2781 2011 2836 vel
2055 2780 2510 2846 camelaucium,
2543 2780 2679 2851 pilei
2721 2791 2929 2849 genus,
2982 2793 3092 2853 pro
3132 2782 3352 2853 capitio
3399 2781 3581 2856 capiti

1920 2872 2228 2942 imponere
2303 2870 2724 2937 consuevisse;
2793 2877 2922 2926 tum
2992 2869 3199 2926 addit:
3269 2873 3584 2943 «Subjecti

1922 2962 2100 3017 etiam
2144 2959 2369 3032 quique
2408 2973 2518 3030 pro
2567 2970 2750 3030 posse
2779 2964 2837 3014 et
2875 2960 2988 3031 ipsi
3018 2961 3231 3015 eadem
3264 2962 3582 3017 sectaban-

145 3052 394 3123 ngypti
449 3050 606 3116 regis
660 3066 766 3122 per
817 3050 1072 3105 ironiam
1143 3051 1403 3122 appellat
1456 3051 1812 3120 magistrum
1845 3077 1885 3130 ρ
1923 3057 2035 3106 tur.
2067 3050 2166 3104 His
2212 3064 2345 3103 mos
2379 3065 2415 3102 a
2446 3049 2674 3103 cunctis
2705 3049 3019 3104 monachis
3053 3050 3222 3119 regni
3259 3050 3414 3105 illius
3444 3061 3585 3119 age-

143 3153 330 3193 suum
417 3137 760 3192 Getbertum
840 3139 1154 3192 Rotbertus
1241 3142 1607 3194 Francorum
1689 3153 1812 3206 rex,

144 3230 470 3297 propterea
510 3225 679 3298 quod
727 3241 893 3281 more
944 3227 1353 3297 ngyptiorum
1401 3227 1722 3292 astrologia
1762 3231 1819 3281 et

146 3315 582 3371 mathematica
627 3315 852 3370 enituit.
904 3316 1301 3384 Astrologiam
1357 3317 1516 3372 enim
1562 3315 1818 3387 Egyptii

146 3403 441 3460 diuturna
482 3403 898 3460 observatione
941 3405 1206 3460 siderum
1253 3405 1555 3460 invenisse
1587 3410 1640 3460 et
1673 3420 1816 3460 con-

149 3493 342 3547 secuti
393 3509 522 3548 esse
555 3497 858 3566 putantur,
891 3499 954 3549 ut
982 3493 1184 3550 Cicero
1222 3494 1281 3548 in
1328 3493 1482 3548 libro
1512 3511 1528 3548 ι
1559 3495 1633 3548 de
1667 3493 1819 3549 Divi-

150 3580 420 3645 natione,
451 3582 672 3636 Plinius
714 3582 776 3636 in
828 3582 964 3637 libri
1008 3594 1106 3650 VII,
1140 3583 1332 3654 capite
1382 3587 1469 3643 56,
1503 3583 1819 3653 οίιθιθι-ἰᾳιιθ

149 3669 394 3726 docent.
429 3671 564 3726 Haec
606 3675 694 3725 est
739 3671 1067 3727 certissima
1123 3672 1586 3742 felicissimaque
1619 3687 1823 3725 versus

151 3759 554 3815 Adalberonis
609 3759 918 3831 expositio,
978 3761 1057 3815 ad
1109 3777 1295 3831 quam
1361 3760 1485 3814 sine
1540 3759 1826 3829 adjuncta

152 3850 441 3918 magistri
490 3848 891 3920 appellatione
941 3849 1186 3904 minime
1237 3849 1545 3920 pervenire
1605 3848 1828 3920 potuis-

154 3953 314 3992 sem.
351 3937 666 3993 Rotbertus
715 3937 894 4008 igitur
941 3938 1203 4011 plurima
1242 3953 1306 3992 se
1337 3953 1373 3993 a
1398 3938 1686 4006 magistro
1716 3952 1827 3992 suo

154 4025 445 4082 didicisse
476 4027 559 4083 ait
581 4043 594 4081 ;

152 4117 447 4185 (Labitur
468 4117 615 4171 aula
645 4117 825 4172 tholis
853 4118 1070 4172 rutilat
1101 4132 1232 4186 qua:
1261 4116 1578 4185 splendida
1596 4114 1832 4184 fulvis.)

233 4207 355 4263 Ubi
401 4205 632 4261 labitur
672 4207 820 4262 aula
873 4221 1006 4276 quas
1049 4206 1238 4273 fulvis
1290 4206 1469 4261 tholis
1515 4204 1832 4274 splendida

1924 3141 2119 3195 batur.
2150 3162 2176 3187 ››
2209 3137 2532 3192 Willclmus
2575 3137 2676 3209 qui
2710 3137 2904 3193 abbas
2955 3139 3329 3193 Divionensis
3373 3149 3586 3194 mona-

1928 3230 2083 3284 sterii
2115 3227 2313 3282 Sancti
2351 3227 2594 3295 Benigni
2626 3241 2787 3282 anno
2821 3231 2925 3282 990
2954 3227 3144 3283 factus
3176 3232 3266 3283 est
3296 3238 3331 3283 a
3363 3227 3588 3284 Bruuo-

1926 3334 2001 3372 ne
2053 3316 2387 3386 Lingonicus
2443 3316 2712 3370 Ecclesiae
2757 3317 3064 3387 episcopo,
3115 3314 3405 3386 regularis
3457 3318 3589 3373 vitae

1928 3407 2331 3478 disciplinam,
2359 3421 2496 3476 quas
2519 3406 2648 3475 jam
2678 3417 2830 3476 pene
2860 3403 3163 3461 deciderat
3185 3417 3294 3478 per
3321 3411 3593 3462 veterum

1931 3495 2379 3565 negligentiam,
2414 3498 2592 3565 prout
2636 3493 2847 3548 beatus
2880 3494 3233 3548 Benedictus
3264 3511 3397 3550 eam
3427 3512 3591 3551 com-

1931 3583 2132 3656 posuit
2159 3583 2217 3637 in
2246 3581 2562 3653 pristinum
2590 3585 2811 3635 statum
2838 3581 3196 3651 corrigendo
3217 3584 3591 3650 restauravit,

1933 3691 2002 3729 ac
2035 3690 2139 3745 per
2168 3671 2434 3726 diversas
2466 3670 2678 3725 mundi
2707 3675 2907 3742 partes
2949 3686 3055 3740 per
3082 3671 3260 3742 plura
3290 3677 3595 3728 monaste-

1933 3763 2042 3830 ria,
2071 3779 2107 3817 a
2132 3759 2390 3830 regulari
2419 3760 2650 3814 tramite
2674 3759 2872 3825 devia,
2897 3764 3018 3814 tam
3044 3770 3152 3832 per
3183 3772 3244 3816 se
3270 3771 3458 3833 quam
3489 3773 3599 3833 per

1937 3869 2080 3908 suos
2111 3868 2264 3923 quos
2320 3849 2571 3904 abbates
2600 3849 2997 3916 ordinaverat,
3032 3853 3372 3906 monastico
3402 3851 3600 3907 ordini

1938 3941 2222 4008 subdidit,
2254 3945 2318 3995 ut
2344 3939 2405 3996 in
2431 3940 2724 3994 Chronico
2757 3939 3125 4008 Benigniano
3175 3941 3468 4014 scriptum
3514 3951 3602 3996 re-

1939 4031 2182 4104 peritur.
2215 4028 2394 4083 Addit
2431 4032 2640 4083 auctor
2688 4028 2966 4083 Chronici
3011 4027 3192 4098 hujus
3242 4029 3606 4086 monasteria

1942 4118 2327 4184 Gemeticum,
2377 4120 2690 4185 Besuense,
2734 4116 3218 4186 Rothomagense
3263 4119 3462 4173 Sancti
3492 4119 3610 4173 Au-

1943 4208 2144 4277 doeni,
2175 4206 2371 4264 Sancti
2412 4206 2707 4261 Michaelis
2733 4206 3078 4275 archangeli
3108 4205 3168 4260 in
3199 4211 3420 4273 monte,
3457 4208 3607 4262 San-

156 4297 388 4352 rutilat
405 4309 430 4362 ,’
455 4295 571 4350 hoc
595 4299 684 4350 est
710 4295 888 4350 remis
931 4295 993 4350 in
1024 4294 1229 4350 schola
1255 4294 1528 4350 Remensi
1560 4293 1836 4365 proxima
1945 4300 2022 4355 cti
2048 4297 2325 4354 Germani
2352 4295 2608 4361 Parisiis,
2635 4295 2834 4351 Sancti
2882 4295 3123 4352 Faronis
3151 4295 3374 4360 Meldis,
3409 4294 3609 4350 Sancti

155 4383 373 4454 Maiori
405 4383 573 4438 urbis
605 4383 901 4455 Ecclesiae,
933 4399 1072 4456 quae
1106 4383 1269 4439 tholo
1313 4383 1560 4455 quidem
1591 4383 1834 4438 inaura-
1867 4437 1908 4456 ᾗ
1948 4387 2175 4443 Arnulﬁ
2241 4385 2456 4450 Mettis,
2517 4384 2786 4439 Gorziam
2857 4399 3133 4455 quoque,
3201 4387 3258 4439 et
3326 4382 3609 4438 Tullense

157 4437 452 4537 to‘nitet,
497 4437 824 4527 vetustate,
859 4437 1064 4526 sagi;
1129 4437 1376 4539 labitul‘,
1437 4437 1543 4527 seu
1597 4437 1836 4526 suam
1867 4437 1911 4496 ί)
1948 4437 3133 4544 ἔᾼῌξίῖΑξῖιῖἷοεὲηόδίυω,διίέιιιιέδί’
3162 4437 3516 4540 corrigenda
3552 4437 3612 4526 et

158 4560 459 4617 minatur.
516 4560 736 4616 Tholus
792 4565 880 4616 est
942 4561 1301 4616 testitudinis
1371 4560 1693 4616 umbilicus
1767 4575 1839 4614 ac
1949 4566 2008 4620 in
2059 4561 2332 4619 ordinem
2381 4560 2656 4629 cogenda
2697 4573 2829 4613 esse
2871 4558 3217 4614 commissa.
3253 4557 3468 4615 Glaber
3495 4561 3610 4614 Ro-

157 4648 358 4704 veluti
419 4653 656 4706 scutum
727 4649 930 4706 media
1009 4650 1069 4705 in
1135 4649 1410 4718 ecclesia,
1463 4665 1587 4721 quo
1641 4648 1841 4704 trabes
1951 4653 2154 4709 dulqu
2186 4651 2259 4706 de
2299 4649 2616 4721 episcopis,
2652 4647 2996 4715 abbatibus,
3033 4647 3260 4702 clericis
3298 4651 3354 4703 et
3393 4656 3611 4704 mona-

159 4754 394 4793 omnes
425 4739 822 4795 conveniunt:
853 4739 946 4794 vel
968 4739 1028 4794 in
1059 4739 1261 4794 media
1291 4738 1498 4810 templi
1529 4743 1631 4794 aut
1661 4738 1845 4793 eccle-
1951 4744 2078 4799 chis
2134 4742 2263 4810 eius
2314 4739 2504 4794 aetatis
2554 4737 2637 4793 sic
2681 4737 2886 4792 scribit
2935 4737 2997 4792 in
3041 4736 3193 4792 libro
3235 4748 3276 4791 ιι
3304 4737 3498 4810 capite
3542 4738 3607 4794 6:

157 4827 270 4882 sies
331 4843 606 4885 cameras
653 4827 822 4884 locus
863 4828 960 4884 cui
1006 4827 1172 4885 dona
1216 4828 1400 4884 afﬁxa
1445 4827 1709 4899 pendent
1750 4825 1846 4881 vel
1957 4830 2497 4900 «Quandocunque
2542 4826 2703 4882 enim
2747 4825 2964 4881 defecit
2988 4824 3341 4895 religiositas
3379 4825 3617 4898 pontiﬁ-

163 4917 593 4973 anathemata.
1954 4935 2118 4987 cum,
2161 4933 2232 4976 ac
2278 4918 2592 4974 marcescit
2638 4916 2924 4971 districtio
2958 4913 3248 4984 regularis
3298 4915 3614 4984 abbatum,

240 5008 370 5077 (57)
410 5008 532 5063 Per
565 5014 775 5076 partes
801 5008 1088 5063 scindunt
1119 5012 1335 5064 vestem
1371 5021 1553 5077 quam
1599 5007 1847 5076 quisque

1496 5096 1772 5160 [tenebat.

1959 5010 2258 5082 simulque
2302 5005 2737 5063 monasterialis
2781 5004 3108 5077 disciplinae
3137 5004 3305 5073 vigor
3351 5005 3614 5077 tepescit,

1957 5113 2028 5157 ac
2057 5112 2164 5172 per
2188 5098 2426 5153 illorum
2444 5095 2722 5168 exempla
2752 5099 2966 5150 caetera
2993 5092 3164 5165 plebs
3189 5093 3620 5150 mandatorum

246 5189 392 5242 Haec
443 5187 720 5244 videntur
772 5187 991 5260 scripta
1039 5201 1171 5242 esse
1215 5186 1292 5242 ab
1345 5185 1727 5240 Adalberone
1773 5184 1849 5240 de
1961 5189 2062 5245 Dei
2091 5185 2533 5260 praevaricatrix
2574 5182 2809 5239 exstitit.
2844 5181 2996 5248 Quid
3025 5181 3191 5237 aliud
3214 5192 3404 5254 quam
3430 5186 3623 5239 totum

165 5277 502 5332 monachis
554 5276 1064 5343 Cluniacensibus,
1093 5276 1172 5332 ab
1203 5275 1450 5332 Odilone
1497 5276 1576 5332 ad
1607 5274 1850 5331 Rotber-
1963 5276 2140 5334 simul
2203 5275 2542 5330 humanum
2609 5285 2802 5342 genus
2866 5283 3108 5327 rursum
3167 5271 3229 5326 in
3303 5273 3623 5346 antiquum

164 5370 310 5422 tum
343 5381 550 5436 regem
582 5368 949 5422 Francorum
981 5363 1221 5439 petendi
1266 5361 1497 5421 consilii
1529 5365 1851 5437 auxiliique
1961 5364 2270 5441 praecipitii
2295 5365 2478 5418 chaos
2507 5361 2827 5418 illabatur?
2849 5381 2875 5411 ›ι
2925 5357 3088 5416 Idem
3119 5360 3180 5416 in
3205 5361 3360 5417 libro
3394 5359 3472 5418 de
3502 5361 3626 5418 vita

164 5471 374 5511 causa
403 5453 603 5511 missis
633 5456 757 5527 qui,
786 5459 1110 5528 postquam
1143 5456 1420 5528 princeps
1449 5453 1762 5525 legationis
1787 5455 1852 5509 ﬁ-
1967 5451 2248 5508 Willelmi
2309 5452 2544 5507 abbatis
2601 5456 2656 5506 et
2706 5451 3040 5524 presbyteri
3097 5452 3277 5508 tradit
3327 5456 3627 5508 monaste-

164 5561 324 5602 nem
359 5544 652 5617 loquendi
682 5545 834 5612 fecit,
865 5546 940 5600 ad
973 5547 1315 5600 testandum
1347 5545 1618 5600 dolorem
1652 5561 1850 5610 suum,
1965 5545 2122 5599 rium
2175 5543 2370 5599 Sancti
2426 5541 2726 5597 Saturnini
2779 5542 2857 5596 ad
2914 5541 3297 5612 Rhodanum,
3351 5541 3628 5598 cmnobia

168 5642 231 5692 et
305 5634 395 5692 ad
457 5635 972 5692 commovendum
1037 5649 1260 5706 regem,
1321 5639 1540 5690 vestem
1597 5635 1855 5707 quisque
1969 5633 2353 5698 Vizziacense,
2397 5631 2817 5697 Fiscannense,
2868 5634 3178 5700 Remense,
3226 5628 3626 5698 Melundense,

171 5740 373 5783 suam
403 5723 771 5782 disciderint.
1456 5769 1461 5777 .
1517 5770 1521 5776 .
1973 5726 2031 5780 et
2054 5722 2258 5779 locum
2276 5719 2480 5778 Sancti
2497 5719 2794 5780 Michaelis
2813 5719 3182 5791 archangeli,
3197 5719 3396 5779 castro
3418 5720 3630 5773 “rno-
