3878 6408
455 274 557 329 807

1408 267 1475 323 IN
1514 260 2003 323 ADALBERONIS
2042 250 2345 320 Episcom
2384 266 2882 322 LAUDUNENSIS.
3736 270 3795 324 sos

454 396 599 451 dore
634 392 1066 467 propinquum,
1098 389 1361 462 aliasque
1407 390 1646 445 cellulas
1694 389 1918 444 circiter
1945 402 2095 459 qua-
2133 385 2183 438 Α
2214 404 2473 459 quorum
2496 404 2634 461 pars
2654 390 2783 459 jam
2811 387 2893 443 ibi
2915 393 3145 459 regnat,
3168 404 3309 462 pars
3336 389 3541 446 altera
3571 394 3688 463 post
3705 406 3797 445 mor-

454 484 731 553 draginta
776 481 994 536 rexisse
1028 478 1397 547 Willelmum,
1426 483 1481 533 et
1530 478 1589 533 in
1638 477 1947 532 meliorem
1987 480 2099 530 sta-

457 577 585 628 tum
615 588 684 627 ac
711 570 843 625 vitae
874 568 1145 624 ordinem
1174 566 1519 621 restituisse.

456 661 566 733 (59)
593 663 737 730 Spes
742 662 1055 728 juvenum,
1082 662 1334 711 ventura
1350 656 1491 722 dies,
1510 658 1618 727 qui
1626 656 1849 710 discere
1862 655 2097 709 nolunt.

458 751 654 806 Causa
681 763 906 815 senum,
933 748 1060 801 sine
1080 760 1182 814 spe
1202 746 1462 814 pueriles
1488 746 1780 815 plangere
1807 759 2035 799 cursus.

526 837 835 895 Descendit
864 852 1021 890 nunc
1054 834 1132 889 ad
1163 850 1415 903 gnomas
1442 833 1737 889 Adalbero
1763 849 1974 904 parum
2008 849 2100 887 co-

453 932 766 986 haerentes.
800 925 1057 993 Juvenit,
1086 924 1294 995 inquit,
1327 924 1479 995 pigri
1510 928 1566 978 et
1592 923 1847 987 desides,
1878 938 1989 977 nec
2018 922 2102 976 di-

456 1017 659 1074 scendi
684 1014 904 1087 cupidi,
937 1014 1080 1086 quia
1108 1013 1211 1068 diu
1243 1029 1302 1067 se
1329 1013 1588 1068 victuros
1619 1016 1877 1084 sperant,
1904 1011 2100 1066 studia

455 1108 780 1163 litterarum
814 1104 1091 1158 differunt
1140 1102 1200 1156 in
1232 1101 1514 1156 futurum.
1553 1104 1625 1156 At
1655 1117 1845 1169 senes,
1876 1099 2096 1171 quibus

451 1197 733 1267 juventus
765 1192 889 1246 sine
920 1190 1126 1245 studiis
1157 1194 1362 1245 exacta
1392 1194 1500 1256 est,
1536 1206 1673 1244 cum
1699 1190 1829 1259 jam
1874 1189 2099 1243 diutur-

453 1298 598 1338 nam
644 1281 826 1335 vitam
884 1294 1117 1350 sperare
1168 1293 1287 1332 non
1332 1278 1586 1349 possint,
1632 1275 2095 1332 adolescentiam

452 1368 608 1425 male
634 1367 1113 1437 negligenterque
1140 1369 1507 1420 transactam
1534 1381 1672 1419 cum
1703 1365 1926 1433 gemitu
1950 1362 2099 1418 desi-

452 1458 681 1525 derant,
705 1460 761 1511 et
787 1455 962 1510 irritis
992 1454 1144 1508 votis
1172 1458 1455 1508 revocant
1478 1454 1723 1508 minime
1748 1452 2092 1507 redituram.

454 1547 560 1617 (60)
594 1548 699 1601 Res
728 1546 896 1600 Mala
915 1559 938 1599 .·
964 1543 1122 1614 quod
1148 1544 1265 1598 scio
1295 1543 1664 1611 defendunt;
1693 1542 1852 1613 quod
1880 1543 2094 1604 nescio,

1762 1630 2021 1699 [cedunt

524 1722 692 1786 Quod
740 1721 881 1786 scio,
916 1721 1094 1789 vulgo
1143 1720 1488 1791 prohibetur
1529 1723 1585 1775 et
1623 1724 1886 1787 vetatur;
1930 1718 2094 1790 quod

452 1812 672 1881 nescio,
705 1810 1090 1882 permittatur,
1123 1825 1231 1880 pro
1260 1809 1550 1880 permisso
1588 1808 1860 1878 habetur,
1894 1809 1954 1862 in
1985 1824 2099 1861 usu

453 1907 559 1957 est.
590 1901 679 1955 Sic
711 1899 891 1968 vulgo
921 1898 1215 1969 hodieque
1245 1898 1563 1967 defendere
1591 1897 1846 1952 dicimus
1872 1913 1980 1968 pro
2003 1913 2098 1950 ve-

454 1996 576 2047 tare
629 1994 685 2044 et
726 1988 989 2043 inhibere
1022 1987 1322 2056 defendre.
1370 1986 1852 2058 Superscriptum
1885 1989 2009 2041 erat
2037 1985 2098 2039 in

453 2079 656 2135 codice
686 2077 896 2131 eodem
926 2091 1105 2131 sensu
1135 2093 1146 2129 :

382 2204 398 2225 ι
453 2167 563 2221 Res
589 2166 784 2219 mala:
806 2164 961 2235 quod
981 2165 1097 2219 seio
1127 2163 1482 2233 despiciunt,
1516 2164 1675 2233 quod
1703 2163 1916 2229 nescio,
1946 2177 2100 2232 quae-

1839 2250 2025 2319 [runt

458 2342 569 2411 (61)
599 2343 719 2396 Aut
757 2343 910 2411 regis
936 2342 1159 2397 cineres
1186 2345 1291 2397 aut
1319 2346 1554 2395 nostras
1582 2339 1738 2407 ﬂabo
1787 2340 2095 2393 Camenas.

528 2430 936 2485 Libentissima
988 2428 1379 2485 emandarem
1423 2435 1658 2482 nostras
1701 2428 1859 2496 ﬂabo
1915 2442 2098 2483 came-

453 2535 581 2585 nas,
611 2519 724 2574 nisi
755 2523 1097 2591 sequeretur
1123 2534 1136 2571 :
1180 2516 1229 2570 si
1262 2519 1452 2571 Musas
1478 2515 1756 2570 celebres.

455 2611 561 2679 (62)
591 2609 659 2664 Si
686 2609 887 2663 Musas
917 2607 1101 2662 celebi
1114 2620 1190 2671 es,
1215 2606 1473 2660 clament
1498 2605 1776 2660 musarde
1799 2605 2093 2660 sacerdos.

524 2701 643 2753 Rex
666 2696 927 2769 loquitur
973 2700 1029 2750 et
1059 2694 1141 2749 ait
1164 2693 1601 2748 Adalberonem
1650 2693 2018 2764 episc0pum,
2048 2693 2097 2748 si

451 2790 666 2853 Musas,
687 2801 792 2840 seu
815 2784 1059 2851 litteras,
1083 2782 1254 2849 colat,
1274 2782 1533 2838 clamore
1561 2780 1934 2836 indoctorum
1954 2782 2099 2837 litte-

450 2893 548 2931 ras
578 2873 1083 2931 contemnentium
1126 2871 1466 2926 musardem
1500 2871 1857 2925 sacerdotem
1898 2875 2098 2926 contu-

451 2964 641 3019 meliae
665 2977 852 3017 causa
890 2958 1258 3034 appellatum
1304 2958 1393 3012 iri.
1430 2957 1728 3029 Hodieque
1760 2959 2012 3014 otiosum
2044 2964 2100 3014 et

2213 480 2351 547 tem,
2370 483 2471 533 aut
2492 482 2630 550 post
2650 477 2917 549 expiatas
2942 478 3079 547 igne
3099 478 3309 551 culpas
3331 484 3555 552 sperat
3584 495 3637 535 se
3653 479 3798 535 ibidem

2210 570 2612 634 regnaturam.
2658 566 2713 620 Si
2750 582 2894 635 pars
2937 581 3199 637 regnans
3227 566 3567 623 referretur
3596 567 3664 624 ad
3685 584 3797 637 auge

2209 652 2320 724 los,
2347 670 2493 723 pars
2522 669 2768 723 sperans
2801 653 2881 709 ad
2928 669 3139 709 omnes
3186 654 3513 723 mortales;
3562 655 3797 712 dicendum

2211 745 2363 796 esset
2390 741 2826 797 Adalberonem
2858 742 3180 798 credidisse
3218 743 3593 799 hominibus
3619 743 3792 799 christia-

2209 832 2301 886 nis
2348 837 2525 905 atque
2572 834 2875 889 catholicis
2925 833 3039 889 nisi
3092 838 3231 906 post
3275 834 3441 890 diem
3481 836 3686 907 judicii
3724 835 3792 891 cci

2209 926 2443 991 portam
2473 937 2595 977 non
2625 926 2861 994 patere:
2912 921 3077 994 quod
3110 926 3167 977 et
3209 921 3383 978 multi
3410 922 3524 979 alii
3560 922 3793 987 crediden,

2210 1009 2315 1063 sed
2339 1009 2507 1064 falso.

2208 1096 2315 1167 (67)
2344 1098 2472 1152 Rea:
2498 1097 2825 1167 Augustini
2855 1099 3053 1165 libros,
3077 1100 3308 1166 dilecte,
3341 1102 3616 1158 revolve.

2213 1185 2361 1239 Urbs
2387 1187 2620 1241 excelsa
2646 1188 2755 1241 Dei
2783 1203 2916 1257 quae
2943 1190 3019 1242 sit
3048 1189 3269 1244 dixisse
3290 1189 3629 1257 probatur.

2281 1273 2491 1329 Dilecte
2520 1290 2641 1341 rex,
2670 1274 2856 1331 libros
2886 1276 3201 1347 Augustini
3228 1276 3303 1331 de
3331 1276 3594 1335 Civitate
3620 1277 3700 1334 Dei
3723 1292 3802 1349 per-

2205 1361 2355 1429 lege.

2206 1449 2314 1519 (68)
2362 1451 2523 1517 Inco,
2570 1468 2806 1521 precor,
2841 1453 2992 1509 mihi
3034 1453 3150 1521 dic,
3187 1455 3442 1525 praesul,
3478 1456 3594 1526 qui
3630 1455 3726 1511 sint
3760 1453 3801 1507 ib1

3602 1544 3763 1615 [latus

2205 1628 2612 1697 Principares,
2664 1637 2719 1686 et
2748 1632 2802 1685 si
2826 1631 2933 1700 qui
2952 1636 3092 1686 sunt
3112 1637 3167 1687 et
3192 1632 3255 1686 in
3285 1631 3514 1689 ordine
3528 1640 3714 1702 putus.

2278 1719 2395 1771 Rex
2438 1718 2879 1774 Adalberonem
2925 1718 3249 1788 interrogat
3293 1720 3403 1792 qui
3453 1723 3748 1789 incolatus,
3775 1728 3805 1774 et

2205 1806 2309 1876 qui
2333 1806 2700 1879 principatus
2729 1824 2905 1881 pares
2935 1809 2997 1863 in
3024 1808 3257 1864 civitate
3290 1810 3393 1865 Dei
3424 1811 3529 1866 sui
3569 1812 3625 1867 in
3651 1811 3803 1867 ccelesti

2206 1894 2571 1951 Hierusalem
2617 1897 2731 1952 sint
2768 1902 2823 1952 et
2864 1902 3169 1953 vocentur.
3213 1898 3449 1956 Gaudet
3490 1905 3685 1957 autem
3718 1898 3801 1955 tusi

2206 1999 2312 2054 per
2333 1984 2538 2053 jocum
2568 1985 2883 2056 Adalbero,
2918 1991 2983 2041 ut
3013 2002 3232 2058 supra:

2207 2073 2398 2127 Sarra
2421 2075 2596 2129 nimis
2624 2090 2763 2144 gens
2796 2090 3073 2131 cenarum
3105 2076 3176 2131 de
3204 2092 3370 2132 more
3392 2080 3664 2147 petulca.

2207 2161 2317 2231 (69)
2360 2162 2564 2228 Quaere
2586 2165 2938 2233 Dionysium
2970 2165 3072 2235 qui
3096 2164 3322 2220 dicitur
3348 2167 3753 2239 Areopagita.‘

2206 2250 2322 2304 Ille
2341 2250 2486 2304 duos
2509 2268 2687 2321 super
2713 2252 2802 2307 his
2831 2253 3080 2308 desudat
3112 2254 3371 2310 scribere
3403 2256 3621 2313 libros.

2278 2339 2591 2409 Dionysius
2622 2340 2724 2411 qui
2755 2341 3113 2412 Areopagita
3151 2358 3187 2397 a
3233 2341 3554 2416 plerisque
3595 2344 3689 2401 sed
3709 2343 3810 2399 falso

2207 2425 2438 2494 dicitur,
2463 2427 2536 2482 de
2558 2428 2777 2484 caelesti
2803 2429 3144 2485 Hierarchia
3167 2429 3391 2486 librum
3413 2434 3684 2506 capitum
3696 2432 3811 2505 quin.

2208 2514 2420 2582 decim,
2453 2522 2510 2571 et
2537 2516 2788 2572 alterum
2820 2517 2893 2572 de
2927 2517 3148 2573 Divinis
3196 2519 3572 2577 Nominibus
3610 2523 3809 2594 capitum

2208 2604 2487 2659 tredecim
2515 2606 2868 2676 composuit.
2898 2605 2961 2661 Hi
2990 2612 3129 2663 sunt
3156 2607 3279 2663 duo
3315 2607 3480 2677 libri,
3513 2627 3671 2683 quos
3697 2608 3807 2665 Adal-

2206 2691 2350 2747 bero
2389 2693 2680 2764 designat,
2710 2698 2767 2749 et
2813 2710 2850 2749 a
2880 2694 3156 2767 Dionysio
3187 2696 3439 2769 scriptos
3474 2714 3613 2756 esse
3653 2698 3812 2756 tradit:

2206 2796 2388 2851 quem
2417 2798 2556 2836 cum
2586 2781 2751 2837 addit
2777 2784 3206 2853 Areopagitam
3237 2785 3379 2855 dici,
3398 2787 3717 2858 vulgarem
3737 2786 3812 2858 cpi-

2205 2870 2447 2925 nionem
2472 2871 2599 2941 jam
2630 2876 2765 2925 ante
2796 2887 2989 2927 annos
3011 2878 3251 2929 centum
3276 2878 3333 2929 et
3362 2878 3686 2947 sexaginta
3708 2878 3812 2932 inve

2204 2957 2526 3014 lescentem
2560 2959 2735 3015 refert
2775 2960 2968 3031 magis
3008 2978 3197 3034 quam
3226 2979 3337 3035 pro
3367 2980 3524 3021 vera
3566 2966 3739 3023 habet
3759 2972 3812 3019 aui

454 3053 812 3104 cessatorem
857 3048 1207 3103 musardum
1248 3061 1573 3111 vocamus;
1628 3048 1911 3101 musard:
1957 3047 2098 3102 item
2128 3072 2168 3127 ρ
2208 3047 2411 3103 credit.

453 3152 671 3203 muser,
703 3140 768 3191 ut
797 3136 1072 3191 Germani
1100 3150 1344 3202 musem,
1372 3134 1625 3188 dicimus
1659 3134 1846 3189 otiari.

455 3227 569 3295 (63)
598 3226 840 3279 Persius
867 3224 1187 3293 indignans
1210 3228 1442 3291 promet
1466 3227 1588 3277 tum
1617 3223 1781 3279 lusca
1802 3224 2093 3279 sacerdos.

525 3314 591 3368 In
621 3312 801 3367 Persii
827 3317 1025 3384 satyra
1054 3317 1105 3381 5,
1138 3327 1346 3366 versus
1374 3310 1468 3365 hic
1494 3314 1582 3364 est
1606 3327 1618 3364 :

454 3403 615 3457 Hinc
643 3401 898 3472 grandes
927 3401 1107 3469 Galli,
1142 3406 1195 3455 et
1227 3415 1359 3454 cum
1402 3400 1574 3454 sistro
1608 3400 1771 3455 lusca
1800 3400 2095 3471 sacerdos,

1893 3486 2025 3559 [etc.

523 3580 784 3635 Persium
812 3577 1110 3634 Adalbero
1139 3575 1449 3644 diligenter
1467 3576 1716 3646 legerat;
1750 3591 1893 3632 nam
1915 3581 1972 3633 et
2003 3594 2098 3632 su-

451 3669 647 3742 perior
672 3684 913 3723 versus:

450 3759 689 3826 Jupiter
716 3758 821 3811 ille
850 3756 996 3809 duos
1028 3758 1304 3809 numerat
1332 3754 1571 3810 meliore
1602 3754 1814 3823 lapillo
1833 3768 1857 3823 ,-

528 3849 595 3900 Et
620 3846 716 3900 hic
745 3844 892 3899 alter
919 3859 932 3896 :

453 3935 709 3989 Dissutis
739 3932 933 3999 malis,
957 3932 1167 4000 ﬂatum
1190 3932 1520 4003 pugnando
1550 3933 1750 4001 rejeci,

530 4020 782 4076 Dimidia
823 4036 895 4076 ex
935 4024 1098 4092 parte
1129 4025 1266 4075 sunt
1296 4020 1488 4086 Persii,
1516 4019 1679 4092 prior
1725 4035 1798 4074 ex
1837 4022 2036 4091 satyra
2062 4023 2095 4075 2

456 4109 531 4165 de
559 4109 720 4165 bona
749 4112 943 4164 mente
973 4108 1050 4163 ad
1078 4109 1348 4164 Photium
1378 4108 1737 4165 Macrinum:

452 4199 651 4268 Hunc,
676 4199 966 4262 Macrine,
999 4197 1151 4251 diem
1172 4210 1422 4251 numera
1452 4196 1693 4251 meliore
1721 4196 1952 4265 lapillo.

523 4288 810 4343 Posterior
856 4302 928 4342 ex
970 4290 1173 4357 satyra
1225 4289 1278 4355 3,
1308 4300 1442 4356 quae
1489 4283 1813 4356 increpatio
1856 4283 2097 4340 desidiae

452 4380 557 4431 est.

455 4465 673 4521 Oscitat
700 4466 1038 4521 hesternum
1068 4463 1309 4518 dissutis
1336 4462 1599 4533 undique
1616 4463 1811 4517 malis.

522 4554 684 4620 Item,
708 4553 884 4620 infra,
916 4569 973 4607 v.
1006 4555 1110 4606 200
1136 4568 1149 4606 :
1180 4551 1348 4608 Scire
1374 4566 1565 4608 meum
1593 4551 1753 4606 nihil
1775 4555 1880 4619 est,
1910 4548 2099 4604 hemi-

452 4643 726 4698 stichium
752 4641 1102 4698 Persianum
1128 4644 1233 4696 est.

453 4733 560 4803 (64)
580 4733 879 4801 Prospera
894 4732 949 4785 si
965 4730 1073 4784 tibi
1089 4735 1248 4800 sunt,
1270 4745 1389 4785 non
1411 4730 1625 4785 taedeat
1645 4730 1754 4785 hoc
1774 4727 2091 4783 reminiscz.

521 4820 998 4893 Superscriptum
1046 4823 1170 4874 erat
1215 4818 1291 4875 ab
1329 4817 1722 4885 Adalberone,
1758 4814 2098 4871 contumaci

450 4910 683 4982 syllaba
707 4909 876 4965 brevi
904 4908 1123 4963 frustra
1149 4911 1542 4982 repugnante,
1566 4909 1766 4978 pigeat
1791 4907 1898 4962 hoc
1926 4906 2097 4961 remi-

448 5000 602 5055 nisci
621 5002 650 5053 ?

449 5088 563 5158 (65)
600 5088 846 5142 Partem
871 5098 1122 5156 namque
1140 5088 1251 5155 sui,
1281 5100 1415 5157 qua?
1433 5099 1585 5154 pars
1613 5084 1906 5154 sapientia
1930 5097 2091 5138 vera.
2118 5106 2137 5133 /

522 5173 1026 5245 Superscripserat
1052 5175 1349 5231 Adalbero
1373 5190 1386 5229 :

450 5265 618 5317 Dans
647 5262 1030 5333 intellectum,
1061 5279 1190 5335 qum
1217 5264 1293 5319 sit
1323 5262 1619 5331 sapientia
1647 5275 1807 5315 vera.

453 5352 562 5423 (66)
606 5350 840 5407 Civibus
877 5354 1184 5424 angelicis,
1236 5352 1540 5407 hominum
1582 5355 1840 5405 struitur
1869 5364 2098 5420 quoque

1767 5438 2019 5508 [turmis

449 5531 604 5586 Pars
623 5532 890 5602 quaedam
911 5535 1158 5599 regnat;
1190 5529 1459 5600 quaedam
1478 5543 1620 5597 pars
1645 5529 1841 5583 altera
1867 5530 2087 5595 sperat.

520 5623 654 5678 Haec
679 5621 1046 5677 Hierusalem
1076 5618 1326 5674 caelestis
1355 5636 1393 5674 a
1417 5623 1536 5674 Deo
1565 5621 1862 5674 exstructa
1890 5621 1997 5684 est,
2032 5620 2094 5670 ut

450 5713 526 5767 ab
553 5711 781 5781 angelis
823 5714 882 5766 et
916 5708 996 5765 ab
1034 5707 1377 5765 hominibus
1417 5722 1660 5778 quoque
1696 5704 2087 5763 incoleretur:

2209 3137 2321 3207 (70)
2358 3138 2597 3193 Prtesul
2626 3143 2682 3193 et
2708 3139 2813 3193 ille
2854 3153 3024 3194 sacer
3048 3139 3316 3210 loquitur
3344 3142 3687 3213 Gregorius
3714 3144 3811 3200 inde

2205 3226 2314 3280 Job
2341 3241 2571 3294 magna?
2599 3232 2876 3282 scrutans
2901 3227 3045 3295 ﬁdei
3070 3229 3331 3284 moralia
3358 3232 3553 3301 regis.

2278 3313 2537 3381 Gregorii
2564 3329 2758 3385 papae,
2787 3330 2970 3386 quem
2998 3314 3180 3384 vulgo
3225 3318 3513 3386 Magnum
3565 3319 3811 3392 cognomi

2206 3405 2371 3468 nant,
2431 3405 2485 3456 et
2536 3401 2639 3474 qui
2693 3402 2923 3475 primus
2979 3419 3050 3459 eo
3106 3403 3349 3460 nomine
3415 3408 3721 3466 Romanae
3767 3411 3811 3463 Et

2205 3488 2401 3545 clesiee
2466 3490 2705 3562 profuit,
2787 3496 2925 3548 sunt
2997 3494 3245 3548 moralis
3317 3494 3745 3564 Expositionis
3796 3499 3812 3550 ia

2205 3580 2278 3634 Β.
2331 3579 2442 3634 Job
2490 3580 2633 3634 libri
2677 3597 2834 3635 xxxv
2895 3581 2974 3637 ad
3034 3581 3376 3639 Leandrum
3448 3585 3812 3662 Hispalensei

2206 3667 2575 3740 episcopum.
2629 3669 2891 3726 Moralia
2940 3669 3303 3727 Adalberoni
3357 3676 3415 3728 et
3471 3677 3699 3734 multis
3751 3676 3812 3733 alii

2205 3757 2322 3811 dici
2375 3757 2551 3812 video
2626 3758 2781 3814 hanc
2841 3759 3133 3815 moralem
3199 3761 3682 3833 expositionem.
3739 3769 3812 3823 Sui

2206 3845 2475 3915 ejusdem
2526 3845 2588 3900 in
2645 3847 3006 3903 Ezechielem
3054 3849 3412 3922 prophetam
3470 3855 3812 3913 Homiliarm

2204 3933 2411 4003 viginti
2452 3934 2574 3990 duo
2621 3934 2753 3990 libri
2802 3936 2880 3991 ad
2908 3937 3325 3994 Martinianum
3353 3939 3742 4019 episcopum
3775 3948 3812 4000 Ba

2203 4038 2435 4077 vennee.
2482 4022 2822 4095 Utrobique,
2854 4024 2936 4081 ait
2982 4025 3301 4095 Adalbero,
3354 4030 3741 4099 Gregorium
3778 4045 3812 4105 p1

2204 4126 2347 4184 pam
2390 4111 2464 4166 de
2496 4111 2731 4167 Civitate
2777 4112 2898 4180 Dei,
2930 4129 3035 4169 seu
3079 4115 3154 4171 de
3199 4115 3423 4172 caelesti
3468 4120 3812 4180 Hierusalem

2205 4206 2261 4256 et
2300 4200 2375 4256 de
2403 4201 2757 4257 incolatibus
2783 4202 3337 4279 prineipatibusque
3371 4207 3505 4278 ejus
3538 4215 3812 4288 scripsiss

2204 4290 2498 4359 Loquitur
2526 4291 2846 4360 Gregorius
2870 4292 3029 4361 inde,
3056 4292 3171 4348 hoc
3200 4298 3307 4360 est,
3338 4296 3689 4365 Gregorius
3721 4304 3812 4359 de:

2203 4392 2266 4432 re
2314 4376 2567 4449 scripsit,
2617 4379 2678 4434 S.
2729 4380 3011 4450 Gre’goire
3056 4397 3128 4437 en
3165 4384 3361 4452 parle.
3414 4388 3503 4440 Ita
3569 4389 3812 4463 hodieqt

2202 4466 2382 4536 vulgo
2407 4466 2731 4538 loquimur.
3389 4486 3396 4493 ·

2224 4554 2310 4625 71)
2341 4554 2522 4620 Idem,
2554 4570 2876 4613 sermonem
2904 4560 3224 4631 complens,
3257 4563 3557 4632 explanat
3600 4578 3807 4641 aperte

2201 4645 2318 4699 Hic
2343 4650 2396 4699 et
2424 4645 2750 4700 Ezechielis
2779 4662 2960 4716 super
2986 4648 3076 4704 his
3104 4651 3169 4706 in
3196 4652 3316 4719 ﬁne
3337 4658 3652 4721 patenter
3682 4679 3699 4716 :

2200 4732 2330 4787 Hoc
2357 4733 2551 4801 apices
2581 4734 2706 4803 ipso
2734 4751 2878 4806 quos
2907 4737 3108 4794 Gallia
3136 4739 3320 4796 dante
3342 4749 3600 4810 recepit.

2273 4820 2392 4874 Hos
2419 4820 2480 4875 in
2510 4822 2869 4879 Ezechielem
2898 4825 3292 4884 Homiliarum
3316 4828 3502 4885 libros
3530 4831 3736 4895 duos
3768 4839 3811 4895 di

2201 4908 2500 4965 Adalbero
2547 4910 2626 4966 ab
2672 4911 2808 4983 ipso
2857 4915 3136 4985 Gregorio
3178 4917 3399 4973 missos
3427 4922 3484 4973 et
3522 4919 3749 4985 datos
3779 4940 3812 4984 ei

2203 4992 2521 5050 Galliarum
2550 4995 2849 5068 episcopis
2875 5015 2889 5067 ;
2920 4999 3089 5071 quod
3117 5000 3260 5057 alibi
3285 5016 3409 5056 non
3435 5000 3585 5070 legi.

2201 5103 2313 5168 (72)
2358 5142 2370 5156 .
2416 5141 2429 5154 .
2474 5145 2488 5158 .
2533 5146 2546 5157 .
2586 5104 2917 5160 Distinctus
2959 5108 3300 5177 disponitur
3328 5106 3472 5181 ordo
3508 5102 3811 5181 superﬁt

2203 5190 2390 5259 Cujus
2415 5190 2496 5245 ad
2520 5192 2830 5260 exemplar
2857 5199 3127 5251 terrenus
3146 5196 3348 5265 fertur
3373 5179 3627 5257 haberi;

2274 5296 2750 5370 Superscriptum
2787 5304 2929 5357 erat.

2203 5403 2493 5456 Terrenus
2520 5403 2723 5472 fertur
2750 5406 3038 5462 discretus
3067 5406 3238 5473 cujus
3276 5406 3357 5461 ad
3384 5407 3631 5471 instar.

2272 5505 2377 5560 Ubi
2404 5506 2849 5567 observandum
2876 5515 2961 5567 est
2990 5509 3313 5582 saepissime
3352 5511 3413 5567 in
3444 5513 3577 5573 hoc
3613 5530 3812 5588 cal-mi

2200 5596 2426 5651 ordinis
2452 5596 2577 5651 ﬁeri
2601 5600 2968 5658 mentionem
2997 5601 3058 5657 in
3087 5601 3352 5657 secundo
3378 5619 3574 5665 versu
3614 5632 3631 5669 :

2379 5728 2394 5762 δ
2438 5735 2451 5760 ε
2495 5742 2510 5760 .
2554 5744 2569 5762 .
2613 5746 2625 5760 ,
2669 5707 2960 5765 Fratrum
2988 5711 3375 5768 Laudunicus
3405 5714 3594 5778 ordo.
