3878 6432
24 255 125 306 809
1009 253 1288 308 CARMEN
1329 255 1422 307 ΑΙ)
1462 249 1834 306 ROBERTU‘M
1874 252 2126 308 REGEM.
2168 286 2235 294 —
2276 256 2505 312 NOT/E.

85 373 243 428 ltem.

23 463 91 515 Ut
117 463 314 530 placet
345 462 614 530 imperio,
642 463 723 518 sic
745 478 804 518 se
835 466 1220 532 transformet
1253 471 1306 520 et
1337 464 1502 519 ordo.

19 553 214 605 Deviet
247 552 351 606 ille
366 567 535 605 sacer
562 551 634 606 de
655 553 787 607 sede
808 555 1166 608 monasticus
1199 554 1362 608 ordo.

22 642 92 694 Te
113 640 416 694 dominum
445 641 870 697 monachorum
898 643 1140 697 bellicus
1173 644 1317 698 ordo
1348 644 1592 697 salutat.

3323 261 3427 315 810

1707 379 1751 429 A
1855 376 2105 432 Clericos
2163 395 2266 434 seu
2320 379 2625 435 ministros
2685 379 2958 436 Ecclesia:
3001 381 3162 452 leges
3191 383 3429 456 piorum

1771 464 2110 536 principum
2171 467 2425 523 sordidis
2471 469 2808 525 ministeriis
2849 487 2919 526 ac
2953 471 3168 527 vilibus
3205 473 3431 528 artibus

1773 571 1982 610 vacare
2003 561 2330 625 vetuerunt,
2357 562 2411 613 et
2432 575 2570 614 cum
2589 559 2754 615 omni
2774 559 3151 618 immunitate
3177 563 3316 618 solis
3331 579 3432 618 eos

22 729 256 782 Ordinis
277 734 360 783 est
394 729 581 798 igitur
611 730 738 784 lucc
767 733 1222 800 transformatio
1254 733 1440 801 regni.

93 875 154 926 Et
181 871 254 926 de
283 871 502 927 ccelcsti
534 872 626 927 vel
658 889 939 945 suprema
973 876 1342 931 Hierusalem
1370 894 1382 930 :

26 1000 242 1054 Ordine
264 999 544 1054 distincto
567 1003 817 1070 regitur,
850 1018 966 1056 non
993 1004 1178 1058 milite
1199 1019 1416 1072 pauco.

25 1090 230 1143 Princi
248 1104 450 1159 pares,
485 1095 536 1144 et
566 1090 735 1161 siqui
763 1098 900 1145 sunt
933 1097 984 1146 et
1010 1093 1068 1145 in.
1093 1092 1300 1146 ordine
1328 1098 1524 1160 palus.

29 1221 41 1233 .
85 1221 96 1232 .
141 1222 152 1233 .
197 1220 208 1232 .
251 1180 579 1233 Distinctus
609 1180 949 1248 disponitur
970 1181 1114 1235 ordo
1149 1197 1440 1249 supernus
1473 1196 1495 1236 .'

28 1268 205 1335 Cujus
236 1268 316 1323 ad
338 1270 649 1337 exemplar
680 1276 949 1324 terrenus
979 1272 1180 1338 fertur
1211 1270 1418 1325 haberi

24 1356 292 1410 Ecclesix
323 1360 529 1412 veteris
548 1359 765 1427 populi
791 1359 897 1413 sub
931 1359 1056 1426 lege
1101 1359 1420 1425 ministros,

23 1445 137 1498 Per
155 1446 410 1514 Moysem
441 1449 594 1504 Deus
625 1449 902 1515 instituit,
937 1464 1078 1518 quos
1111 1449 1320 1502 ordine
1350 1449 1528 1516 rexit,

24 1533 296 1590 Ecclesiae
320 1552 570 1606 regnum
604 1538 888 1592 caelorum
920 1536 1144 1591 dicitur
1165 1537 1328 1590 ordo.

26 1623 128 1675 Res
153 1624 294 1690 fidei
315 1625 572 1692 simplex
597 1631 822 1680 .‘status
856 1631 938 1679 est
967 1625 1068 1679 sed
1103 1627 1160 1679 in
1194 1625 1402 1680 ordine
1427 1625 1669 1694 triplex.

22 1710 330 1768 Mutantur
359 1730 548 1769 mores
581 1715 902 1779 hominum,
940 1720 1210 1769 mutatur
1240 1720 1291 1769 et
1324 1714 1488 1769 ordo.

27 1800 195 1856 Nunc
224 1802 612 1869 demonstras,
649 1810 772 1858 tum
799 1805 1088 1860 deliberat
1121 1805 1265 1858 ordo
1290 1809 1599 1872 potentum

27 1888 368 1946 Discutiens.
394 1897 504 1947 etc.

26 1977 273 2034 Justitiaz
304 1982 565 2050 regimen
596 1986 796 2037 noster
825 1997 943 2036 non
973 1981 1189 2036 audeat
1222 1982 1366 2036 ordo

31 2068 335 2141 Linquere.

33 2156 389 2216 Francorum
413 2161 668 2231 primus,
692 2167 755 2216 tu
780 2177 984 2218 servus
1013 2162 1071 2216 in
1097 2161 1306 2216 ordine
1335 2175 1561 2230 regum.

98 2249 290 2319 Itaque
320 2249 432 2304 hoc
487 2265 728 2306 carmen
768 2251 854 2305 De
879 2251 1088 2305 ordine
1134 2249 1378 2304 inscribi
1434 2253 1667 2322 potest:

33 2341 331 2408 propterea
361 2339 527 2412 quod
559 2339 856 2395 Adalbero
887 2340 945 2395 in
973 2357 1042 2394 eo
1076 2339 1268 2406 docet,
1318 2339 1399 2394 uti
1454 2339 1671 2394 ccelum

33 2440 128 2479 seu
159 2444 437 2500 suprema
462 2429 830 2484 Hierusalem
852 2429 1059 2486 ordine
1090 2430 1333 2499 regitur,
1351 2433 1407 2484 et
1430 2429 1670 2484 ordines

14 2505 198 2571 habet
225 2517 370 2573 alios
397 2518 477 2575 ab
508 2519 636 2573 aliis
656 2517 985 2585 distinctos,
1018 2519 1099 2574 ita
1129 2518 1443 2574 hominum
1471 2518 1532 2574 in
1565 2523 1672 2574 ter-

30 2601 103 2656 ris
131 2605 390 2664 diversos
417 2625 547 2665 esse
576 2607 836 2681 ordines,
869 2609 1253 2680 diversasque
1284 2609 1463 2679 leges,
1521 2625 1671 2680 quas

31 2696 240 2751 servari
267 2703 555 2770 oporteat.

15 2781 133 2851 ,(73)
154 2784 427 2842 Ecclesia:
456 2787 666 2843 veteris
690 2787 930 2855 populis
960 2785 1066 2840 sub
1095 2786 1220 2854 lege
1245 2785 1546 2840 ministros

33 2870 268 2930 Nomine
285 2893 414 2947 qua?
431 2877 850 2946 perfunctorio
877 2877 1201 2945 Synagoga
1224 2879 1490 2930 vocatur.

14 2951 142 3034 :Per
167 2963 406 3033 Moysen.
440 2967 596 3020 Deus
628 2966 888 3020 instituit
919 2980 1062 3035 quos
1087 2963 1296 3018 ordine
1325 2963 1500 3018 rexit.

101 3051 160 3103 In
212 3053 412 3110 codice
471 3053 697 3110 deletus
754 3058 879 3109 erat
925 3069 955 3108 e
1009 3052 1194 3108 tribus
1249 3051 1340 3106 his
1403 3050 1673 3141 versibus
1715 3088 1754 3141 C

14 3141 319 3214 Psecundus
393 3160 517 3218 quo
575 3141 896 3198 Ecclesiam
969 3146 1229 3198 veterem
1280 3139 1488 3214 populi
1563 3139 1675 3195 sub

15 3223 151 3294 lege
208 3233 527 3304 constituti,
603 3249 708 3288 seu
780 3232 1150 3301 Judasorum,
1232 3232 1468 3287 nomine
1543 3245 1677 3300 per-

27 3316 321 3400 functorio
372 3325 759 3394 Synagogam
808 3329 1075 3378 vocatam
1143 3337 1263 3378 esse
1319 3319 1460 3376 dicit
1505 3319 1678 3375 Adal-

27 3401 188 3466 bero.

16 3487 133 3564 37’s)
165 3497 443 3558 Ecclesiae
472 3515 721 3570 regnum
753 3500 1036 3555 ca’lorum
1070 3499 1294 3554 dicitur
1319 3498 1484 3554 ordo.

27 3645 30 3648 1
99 3585 249 3642 Ordo
281 3589 552 3646 Ecclesia:
577 3589 792 3645 dicitur
819 3605 1072 3660 regnum
1102 3588 1410 3644 caelorum.

16 3669 39 3742 ξί
59 3675 137 3741 75)
153 3675 226 3730 Et
251 3694 403 3735 nova
432 3681 531 3735 lex
551 3679 700 3734 inibi
724 3678 963 3749 colitur,
988 3677 1095 3732 sub
1111 3678 1392 3746 principe
1413 3673 1668 3730 Christo.

100 3763 441 3824 Emendavit
471 3772 525 3824 et
566 3767 725 3823 hunc
778 3782 1020 3822 versum
1075 3764 1370 3820 Adalbero
1426 3779 1565 3818 eum
1611 3761 1672 3817 in

18 3839 273 3924 inodum
305 3874 318 3911 :

21 3935 104 3990 "Et
133 3958 281 4001 nova
313 3948 410 4004 lex
433 3947 515 4003 ibi
536 3947 902 4017 perfruitur,
927 3959 1058 4016 qua:
1078 3944 1278 4014 gratia
1305 3944 1525 4012 fertur.

18 4027 137 4102 5'76)
170 4033 292 4090 Hoc
321 4043 376 4092 et
390 4037 744 4107 pontiﬁcum
774 4035 909 4102 ﬁxit
941 4047 1193 4088 censura
1217 4031 1432 4101 ﬁdelis,

19 4111 314 4202 ﬂualiter,
346 4140 383 4180 a
409 4126 590 4198 queis,
621 4129 673 4180 et
703 4123 908 4194 quales
941 4121 1024 4176 ibi
1061 4122 1527 4176 constituantur.

26 4203 50 4283 ς
98 4205 330 4266 Ministri
405 4212 675 4269 Ecclesite
745 4210 952 4283 quales
1028 4224 1177 4277 esse,
1230 4225 1265 4265 a
1318 4209 1538 4282 quibus
1591 4211 1674 4263 'et

18 4289 144 4374 illa
190 4301 417 4358 ratione
471 4300 748 4358 constitui
804 4299 1083 4368 debeant,
1147 4299 1568 4372 episcoporum
1611 4297 1672 4353 in

20 4365 266 4487 Elynodis
324 4395 828 4462 congregatorum
878 4404 1140 4444 canones
1190 4388 1504 4444 decrevere
1538 4408 1549 4443 :
1580 4403 1674 4443 ca-

29 4469 228 4547 "'0nes,
285 4478 561 4552 inquam,
616 4495 869 4536 censura
901 4480 1252 4549 pontiﬁcum
1309 4476 1673 4533 Adalberoni

36 4557 176 4634 "icti.

25 4635 133 4730 :77)
168 4657 366 4724 Ipsum
400 4656 623 4726 legibus
655 4663 737 4712 est
767 4664 978 4726 aptare
1007 4672 1235 4713 necesse
1263 4655 1494 4711 duabus

56 4736 249 4799 ’δίυίηκ
279 4759 428 4816 quas
461 4746 738 4800 humana:
767 4746 1042 4801 discretio
1068 4746 1315 4814 formal-

20 4837 69 4916 ὦ
97 4830 323 4890 Statum
354 4835 625 4891 Ecclesiae
656 4849 897 4889 necesse
920 4840 1008 4890 est
1037 4839 1242 4907 aptare
1271 4833 1511 4890 duabus
1536 4832 1676 4904 legi-

22 4893 154 5011 ξίίέέυε,
182 4921 401 4980 divinae
433 4929 488 4980 et
524 4923 829 4992 humanae,
883 4939 1037 4995 quas
1095 4923 1314 4979 format
1358 4921 1672 4989 discretio;

64 4998 407 5072 5steriorem
431 5031 672 5072 versum
700 5014 950 5070 mutavit
980 5013 1277 5070 Adalbero
1308 5013 1388 5068 ita
1417 5029 1430 5066 :

22 5095 331 5178 ,ημῖνιιιτιιηι
363 5122 512 5178 quas
533 5106 840 5161 distribuit
871 5104 1147 5159 discretio
1178 5109 1400 5168 mater;

22 5165 80 5206 LW
95 5183 154 5240 1d
177 5165 438 5263 est,quas
469 5195 622 5250 duas
646 5193 807 5263 leges
829 5193 1128 5262 discretio,
1148 5197 1341 5248 mater
1360 5165 1673 5259 virtutum,

21 5289 28 5299 ο
82 5271 349 5340 ἶείνίὁαίι.

86 5365 134 5426 8)
166 5368 290 5426 Lex
315 5373 522 5430 divina
551 5375 674 5430 suis
697 5379 904 5443 partes
936 5388 1055 5428 non
1083 5370 1296 5427 dividit
1329 5370 1511 5425 ullus.

100 5453 226 5512 Suis
251 5461 536 5519 nimirum
567 5463 869 5531 ministris,
900 5479 1005 5518 seu
1037 5461 1306 5517 Ecclesiae
1352 5477 1475 5515 suae
1508 5458 1679 5515 mini-

24 5539 177 5619 .Cgl‘iS,
216 5563 389 5620 quos,
449 5552 583 5608 licet
620 5568 836 5624 genere
881 5553 1173 5626 dispares,
1229 5549 1445 5622 aequali
1471 5565 1679 5604 omnes

24 5679 54 5720 λζ
80 5631 364 5695 )nditione
393 5658 521 5696 esse
552 5641 739 5696 voluit
770 5644 946 5698 Deus.

88 5719 141 5789 9)
169 5722 291 5782 Hos
316 5732 422 5798 pia
447 5733 547 5790 lex
573 5734 738 5788 omni
762 5733 1074 5789 mundana
1117 5732 1289 5788 sorde
1333 5737 1678 5803 sequestrat.

457 5824 699 5878 PAT‘ROL.
742 5824 920 5878 CXLI.

22 4972 44 5020 1t

24 5794 48 5832 0.

1775 641 2064 699 altaribus
2095 646 2474 702 addixerunt.

1776 732 1881 802 (80)
1910 734 2041 788 Non
2067 741 2203 789 sunt
2227 737 2558 805 carniﬁces,
2583 753 2900 808 caupones,
2930 754 3112 795 necne
3127 741 3366 797 subulci

1849 822 2165 878 Carniﬁces
2216 824 2343 894 jam
2426 829 2564 881 tunc
2618 827 2998 883 vocabuntur
3055 845 3208 900 quos
3289 831 3435 887 anti-

1777 910 1971 982 quitas
2032 911 2224 967 lanios
2307 913 2644 985 appellavit.
2719 915 2810 970 Ait
2886 915 3064 985 igitur
3134 917 3432 974 Adalbero

1721 1013 1724 1017 '
1777 999 2079 1056 ministros
2123 1001 2322 1056 altaris
2371 1002 2462 1057 vel
2521 1002 2763 1058 clericos
2814 1021 2851 1060 a
2908 1005 3164 1060 sordidis
3233 1007 3435 1062 minis-

1777 1087 1934 1142 teriis
1989 1089 2328 1158 abhorrere,
2376 1108 2496 1147 non
2552 1094 2868 1165 agricolas,
2929 1111 3052 1151 non
3117 1095 3433 1164 bubulcos,

1778 1193 1899 1232 non
1971 1179 2249 1235 vinitores
2305 1198 2488 1249 esse;
2566 1183 2664 1238 vix
2735 1184 2981 1239 arbores
3052 1201 3265 1253 serere,
3335 1191 3438 1242 aut

1777 1267 1978 1322 hortos
2028 1269 2257 1336 colere;
2314 1272 2557 1326 eosdem
2627 1288 2729 1328 nec
2787 1273 3000 1340 lanios,
3051 1291 3155 1329 seu
3224 1291 3436 1332 carna-

1777 1357 1916 1423 rios,
1973 1375 2081 1414 nec
2135 1377 2462 1434 caupones,
2520 1378 2628 1418 nec
2691 1363 2994 1432 subulcos,
3053 1364 3146 1418 vel
3205 1365 3436 1421 suarios

1779 1463 1909 1500 esse
1957 1448 2162 1504 (necne
2220 1466 2327 1520 pro
2386 1467 2490 1505 nec
2537 1451 2703 1521 dixit)
2758 1468 2879 1507 non
2930 1451 3252 1524 caprarios,
3313 1469 3436 1508 non

1779 1535 2066 1607 opiliones
2090 1553 2195 1592 seu
2225 1542 2493 1610 pastores
2525 1539 2747 1595 ovium.
2785 1543 2909 1595 Non
2938 1540 3132 1595 cribro
3152 1540 3436 1612 pollinem

1780 1624 1948 1679 tritici
1979 1625 2262 1680 floremve
2287 1627 2554 1696 siliginis,
2580 1645 2681 1683 seu
2705 1628 2960 1683 farinam
2994 1627 3318 1682 furfuribus
3345 1643 3434 1682 se-

1716 1734 1754 1788 B
1784 1729 2022 1768 cernere
2050 1727 2063 1740 '
2099 1731 2218 1769 non
2252 1714 2458 1771 lebctis
2485 1717 2562 1771 ad
2593 1716 2793 1786 ignem
2821 1716 3078 1789 appositi
3100 1716 3158 1770 in
3176 1733 3297 1789 quo
3315 1733 3439 1772 car-

1783 1817 1887 1856 nes
1919 1808 2275 1874 coquantur,
2304 1820 2510 1860 curam
2543 1804 2725 1860 ullam
2757 1821 2953 1876 agere,
2987 1804 3047 1859 id
3088 1809 3176 1860 est
3210 1821 3437 1877 coquos

1782 1891 1874 1945 vel
1905 1908 2080 1946 cocos
2104 1909 2223 1948 non
2248 1894 2520 1966 existere,
2555 1898 2857 1967 utcunque
2884 1893 3162 1968 exprimit
3191 1894 3441 1949 Adalbe-

1783 1996 1848 2035 ro
1878 1981 1992 2036 hoc
2018 1997 2197 2036 versu
2231 2000 2241 2036 :

1781 2071 1901 2125 Nec
1919 2072 2189 2127 Cererem
2211 2073 2483 2128 cribrant
2498 2089 2520 2128 .·
2536 2074 2638 2128 Ιιο.ς
2663 2089 2777 2128 non
2803 2074 2999 2144 coquit
3026 2079 3207 2129 uncta
3227 2073 3433 2130 lebeta.

1853 2160 1962 2215 Ubi
1995 2163 2180 2218 lebeta
2213 2179 2320 2234 pro
2349 2162 2512 2218 lebes
2541 2161 2773 2217 dicitur.
2807 2163 2941 2218 Hice
2984 2167 3186 2218 autem
3237 2164 3442 2219 omnia

1783 2249 1924 2305 dicit
1953 2251 2270 2319 Adalbero,
2304 2256 2367 2307 ut
2397 2268 2600 2322 regem
2630 2251 2953 2308 Robertum
2980 2256 3214 2322 arguat,
3238 2260 3439 2322 pasto-

1784 2355 1874 2394 res
1907 2341 2102 2395 ovium
2133 2347 2186 2396 et
2217 2347 2457 2409 nautas,
2484 2341 2567 2396 uti
2600 2358 2784 2412 supra
2815 2341 2913 2409 ait,
2938 2343 3052 2398 hoc
3080 2342 3440 2398 cstrusticos

1784 2445 1854 2484 ac
1884 2429 2250 2486 humillimas
2279 2431 2638 2503 intimasque
2670 2446 2962 2502 personas
2993 2430 3052 2486 in
3083 2432 3440 2504 episcopatu

1781 2519 2147 2574 evehentem.

1785 2608 1892 2676 (81)
1919 2609 2107 2676 Terga
2128 2623 2296 2662 suum
2311 2623 2423 2675 per
2434 2607 2614 2662 dorsa
2629 2607 2800 2662 boum
2814 2624 2931 2662 non
2944 2623 3177 2675 serpere
3195 2614 3433 2678 cogunt.

1858 2698 1972 2750 Hoc
1999 2700 2106 2764 est,
2134 2694 2322 2750 clerici
2339 2712 2474 2750 sues
2487 2695 2741 2766 pedibus
2767 2696 3074 2764 colligatos
3096 2695 3291 2751 bobus
3313 2713 3436 2752 non

1781 2784 2118 2856 imponunt,
2152 2783 2391 2839 venales
2417 2784 2476 2838 in
2507 2784 2719 2839 urbem
2750 2784 3156 2840 advehendos.

1783 2873 1890 2944 (8'2)
1925 2875 2056 2928 Non
2089 2879 2225 2928 sunt
2260 2874 2543 2941 lautores,
2576 2879 2958 2929 contemnunt
2977 2875 3210 2943 fervere
3232 2881 3434 2932 vestes.

1855 2963 2055 3018 Lintea
2084 2961 2144 3016 hi
2176 2977 2295 3016 non
2324 2961 2542 3030 lavant,
2577 2963 2700 3017 sive
2731 2961 3098 3031 linteamina,
3131 2968 3187 3019 et
3241 2970 3438 3021 vestes

1782 3053 1970 3108 lineas
2025 3051 2224 3108 lixivio
2276 3052 2632 3108 fervefacere
2701 3052 3120 3121 dedignantur.
3181 3055 3438 3112 Fervere

1784 3142 1944 3198 enim
1973 3141 2067 3197 hic
2098 3142 2359 3216 positum
2382 3159 2491 3215 pro
2537 3145 2933 3213 fervevacere.
2984 3142 3084 3197 Vel
3113 3147 3266 3199 certe
3323 3145 3438 3201 hoc

1785 3249 1960 3288 versu
1976 3231 2368 3302 designantur
2387 3231 2465 3288 ab
2491 3231 2867 3288 Adalberone
2895 3231 3147 3288 fullones
3169 3233 3274 3304 qui
3305 3249 3436 3289 ves-

1785 3325 1870 3378 tes
1901 3321 2108 3378 laneas
2128 3321 2392 3391 abluere,
2415 3320 2815 3394 desquamare
2834 3325 2889 3377 et
2908 3319 3095 3393 polire
3118 3335 3438 3378 consueve-

1783 3415 1940 3466 runt.

1782 3502 1892 3571 (83)
1923 3500 2042 3555 Sed
2055 3505 2274 3556 mentes
2285 3515 2698 3569 purgaresuas
2717 3506 2768 3556 et
2787 3507 3039 3569 corpora
3070 3499 3302 3570 debent,
3325 3506 3433 3557 etc.

1854 3588 2128 3644 Afﬁrmat
2154 3588 2448 3644 Adalbero
2475 3588 2738 3660 clericos,
2771 3590 3101 3661 praesertim
3130 3590 3440 3663 presbyte-

1783 3693 1880 3733 ros
1909 3681 1966 3732 et
1990 3678 2326 3749 episcopos,
2357 3694 2479 3733 non
2497 3677 2693 3732 solum
2719 3678 2955 3747 animis,
2982 3679 3088 3734 sed
3111 3679 3291 3735 etiam
3314 3695 3440 3735 cor-

1781 3766 2028 3840 poribus
2057 3767 2338 3835 mundos,
2373 3771 2568 3823 castos
2597 3772 2652 3824 et
2678 3767 2931 3838 sobrios,
2954 3768 3132 3824 bonis
3167 3769 3439 3825 moribus

1783 3856 2125 3926 adornatos,
2176 3871 2244 3912 ac
2304 3857 2530 3912 servilis
2609 3857 3239 3932 conditionisexpertes
3312 3876 3440 3916 esse

1783 3950 2072 4018 oportere.
2099 3948 2261 4003 Certe
2287 3947 2439 4002 servi
2468 3947 2581 4002 nisi
2607 3948 2772 4020 prius
2801 3948 3070 4005 libertate
3111 3949 3317 4006 donati
3357 3967 3444 4006 es-

1708 4099 1710 4101 _
1786 4038 1937 4104 sent,
1971 4035 2050 4091 ad
2080 4034 2422 4091 clericatum
2449 4037 2757 4108 pervenire
2789 4052 2910 4093 non
2938 4042 3251 4110 poterant:
3307 4040 3442 4096 Non

1785 4125 1945 4181 enim
1970 4125 2179 4182 debent
2205 4126 2434 4182 Christi
2460 4131 2516 4182 et
2539 4126 2741 4183 altaris
2770 4129 3036 4183 ministri
3063 4128 3308 4184 obnoxii
3363 4145 3444 4185 es-

1783 4232 1844 4272 se
1873 4217 2150 4272 humanx
2179 4218 2474 4286 servituti,
2502 4220 2568 4272 ut
2592 4216 2652 4272 in
2685 4217 2810 4272 Vita
2836 4217 3119 4273 Ludovici
3146 4217 3226 4289 pii
3257 4217 3442 4289 impe-

1783 4305 1996 4361 ratoris
2026 4305 2307 4375 legimus.

1788 4393 1898 4463 (8i)
1923 4394 2104 4448 Omne
2126 4407 2312 4462 genus
2344 4392 2646 4448 hominum
2675 4398 2977 4462 prtecepto
2997 4391 3260 4448 subdidit
3295 4391 3438 4460 illis,

1784 4482 2073 4550 Princeps
2095 4481 2395 4548 excipitur
2420 4482 2646 4547 null-us,
2677 4497 2809 4536 cum
2841 4482 3066 4537 dicitur
3093 4495 3291 4536 omne.

1853 4572 2072 4626 Omnes
2093 4569 2367 4624 homines
2396 4571 2550 4624 Deus
2578 4568 2894 4639 cujuslibet
2939 4569 3326 4641 professionis
3385 4573 3442 4626 et

1782 4657 2104 4728 dignitatis,
2137 4656 2315 4712 etiam
2342 4655 2665 4728 principes,
2699 4671 2868 4725 reges
2918 4672 2988 4712 ac
3048 4657 3439 4729 imperatores

1782 4745 2144 4819 presbyteris
2174 4750 2230 4801 et
2257 4744 2552 4817 episcopis
2587 4744 2646 4800 in
2681 4743 3088 4816 spiritualibus
3111 4745 3292 4801 voluit
3313 4762 3442 4802 esse

1785 4835 2084 4906 subjectos
2117 4853 2130 4902 ;
2157 4835 2235 4890 ab
2257 4833 2350 4890 his
2368 4833 2551 4889 ﬁdem
2573 4833 2927 4890 catholicam
2949 4833 3184 4890 edoceri
3211 4853 3223 4903 ;
3251 4834 3438 4891 abhis

1783 4924 1865 4980 ita
1891 4924 2134 4980 edoctos
2157 4940 2328 4980 sacro
2359 4922 2506 4978 fonti
2534 4922 2830 4992 immergi.

1785 5013 1894 5083 (85)
1927 5014 2007 5069 Et
2034 5014 2227 5083 mergi
2244 5013 2442 5068 doctos
2471 5013 2634 5068 sacri
2663 5013 2747 5067 sic
2765 5013 2933 5081 lonte
2967 5012 3224 5068 lavacri.

1856 5105 1939 5158 Ex
1953 5119 2076 5174 quo
2107 5102 2468 5171 intelligitur,
2492 5101 2675 5157 etiam
2697 5105 2823 5156 tum
2851 5116 2954 5156 eos
2975 5101 3079 5173 qui
3096 5100 3280 5157 adulti
3300 5102 3446 5176 bap-

1783 5191 2119 5249 tizabantur
2137 5193 2200 5247 in
2235 5207 2475 5248 sacrum
2522 5190 2746 5247 fontem
2801 5190 2993 5260 mergi
3036 5191 3446 5262 consuevisse,

1785 5299 1909 5339 non
1923 5287 2123 5340 autem
2142 5282 2338 5355 capita
2349 5297 2558 5338 eorum
2573 5280 2956 5337 solummodo
2974 5297 3134 5354 aqua
3145 5282 3444 5355 perfundi.

1787 5377 1902 5444 (86)
1934 5374 2256 5430 Constituit
2279 5373 2550 5439 medicos,
2574 5373 2626 5427 si
2647 5374 2897 5429 vulnera
2925 5378 3446 5442 computruerunt.

1787 5465 1906 5520 Per
1925 5479 2068 5534 quos
2098 5479 2434 5520 sermonum
2465 5464 2734 5518 cauteria
2760 5468 2899 5518 sunt
2940 5463 3300 5520 adhibenda.

1861 5551 2242 5623 Presbyteros
2262 5553 2414 5605 Deus
2426 5549 2602 5605 nobis
2621 5551 2889 5605 medicos
2905 5549 3088 5618 dedit,
3103 5551 3206 5623 qui
3224 5552 3451 5608 animo—

1789 5657 1925 5696 rum
1957 5647 2297 5696 nostrorum
2321 5641 2575 5695 vulnera
2613 5655 2681 5694 ac
2705 5641 2918 5710 putria
2953 5641 3179 5708 ulcera,
3211 5641 3324 5696 hoc
3364 5645 3452 5695 est

1792 5735 2038 5803 peccata
2057 5729 2356 5799 graviora,
2368 5744 2706 5785 sermonum
2722 5745 2992 5797 suorum,
3013 5728 3105 5784 vel
3118 5728 3448 5785 salubrium

2989 5821 3057 5874 26
