3878 6384
444 266 540 318 8H

1454 257 1947 313 ADAI.BERO.\IS
1994 255 2299 309 EPISCOPI
2345 256 2843 312 LAUDUNENSIS.
3780 244 3865 313 an

437 388 892 459 praaceptorum,
917 382 1439 453 hortationumque
1461 387 1516 436 et
1541 381 1924 436 consiliorum
1948 379 2079 450 qui-
2114 385 2157 433 A
2190 382 2351 447 vunt,
2384 384 2437 433 et
2467 379 2609 435 dare
2636 396 2879 451 Operam
2908 380 3127 433 debent
3158 385 3217 434 ut
3262 381 3501 435 mortui
3540 380 3774 453 primas
3816 383 3853 436 in

439 472 699 530 busdam
744 473 917 546 quasi
974 471 1246 527 cauteriis
1306 476 1594 525 curarent.
1662 471 1781 523 Hoc
1814 469 1885 523 de
1917 467 2080 522 laicis

439 567 684 636 peccata
723 580 831 618 sua
851 560 1269 617 confitentibus
1287 564 1341 615 et
1360 578 1391 613 a
1426 560 1771 630 presbytero
1798 559 2082 629 poeniten-

440 653 584 706 tiam
601 651 1025 723 accipientibus
1046 649 1610 718 intelligentluniest,
1645 648 1703 701 ui
1734 648 1918 701 fallor.

442 742 549 809 (87)
581 740 860 809 Corporis
890 737 1100 795 illesui
1117 744 1551 792 sacramentum
1581 737 1887 806 siuiguinis
1908 741 2080 803 atque

440 830 627 884 Jussit
648 845 763 900 quo
792 830 950 883 solus
983 832 1267 882 tractaret
1300 827 1410 881 rite
1441 826 1713 879 sacerdos

514 917 775 973 Christus
795 918 975 987 jussit
1016 933 1129 986 quo
1156 916 1283 987 [pro
1314 916 1397 985 uti
1423 916 1582 968 solus
1638 914 1930 979 sacerdos,
1979 927 2081 965 seu

443 1007 753 1080 presbyter
773 1007 1034 1076 corporis
1064 1011 1239 1076 atque
1289 1006 1595 1072 sanguinis
1627 1004 1721 1057 sui
1748 1017 2084 1057 sacramen-

446 1102 570 1151 tum
598 1097 711 1151 rite
739 1099 1043 1150 tractaret.

446 1185 558 1255 (88)
585 1184 853 1239 Maxima
884 1182 1168 1237 commisit
1189 1197 1326 1252 quos
1353 1196 1411 1235 se
1450 1186 1713 1234 tractare
1737 1180 1990 1245 rogavit.

514 1273 781 1327 Maxima
808 1271 1087 1326 commisit
1116 1269 1196 1324 eis
1221 1270 1483 1325 Christus
1517 1287 1657 1338 quos
1706 1274 1968 1320 tractare
2022 1280 2082 1318 se

440 1360 633 1432 jussit,
658 1377 761 1415 seu
788 1359 1275 1433 presbyterorum
1304 1358 1439 1413 tidei
1497 1373 1737 1411 summa
1790 1355 2085 1410 commisit

442 1449 743 1520 mysteria,
769 1464 1028 1520 quorum
1058 1448 1340 1502 manibus
1370 1451 1817 1501 sacrosanctum
1868 1460 2082 1514 corpus

444 1554 619 1593 suum
653 1538 811 1607 tangi
833 1536 1299 1607 contrectarique
1336 1536 1537 1592 voluit.
1602 1533 1792 1604 jussit.
1860 1537 2082 1586 {tonare

443 1634 565 1682 tum
605 1643 715 1699 pro
737 1626 947 1697 jubere
979 1625 1231 1680 molliori
1250 1623 1743 1679 verbmlirebani.
1776 1625 1955 1675 Jonas
1979 1618 2082 1691 qui

443 1714 757 1770 Cblodovei
788 1713 1042 1769 Junioris
1072 1712 1431 1785 principatu,
1466 1719 1599 1765 ante
1645 1710 2080 1763 Adalboroncm

441 1807 708 1858 nostrum
742 1801 914 1857 annis
946 1805 1047 1857 350
1077 1801 1294 1866 floruit,
1326 1801 1382 1854 in
1416 1800 1567 1854 libro
1600 1800 1670 1851 de
1698 1798 1820 1852 Vita
1851 1797 2081 1849 Colum-

440 1891 584 1947 bani
613 1891 869 1952 abbatis,
902 1888 975 1944 de
1007 1888 1381 1944 Brunichilde
1409 1890 1464 1941 in
1492 1892 1765 1957 nepotem
1800 1902 1972 1939 suum
1996 1900 2079 1936 re-

441 1996 576 2049 gem
602 1978 1073 2035 Theodebertum
1103 1977 1400 2048 captivum
1436 1976 1707 2028 Stt‘viellle
1763 1974 1840 2027 ita
1865 1973 2038 2026 refert
2066 1987 2077 2023 :

450 2067 907 2123 Theodebertum
936 2066 1070 2134 ﬁeri
1097 2065 1378 2120 clericum
1417 2064 1669 2129 rogavit,
1706 2078 1774 2115 ac
1805 2077 1921 2115 non
1950 2066 2079 2128 post

442 2156 658 2210 multos
688 2154 808 2209 dies
842 2154 1019 2222 impie
1047 2154 1222 2207 nimis
1277 2158 1408 2219 post
1462 2152 1807 2205 clerico/um
1870 2150 2084 2217 perunt

432 2245 635 2314 jussit,
663 2242 723 2297 id
752 2246 839 2297 est
863 2242 1139 2297 clericum
1165 2257 1301 2296 eum
1324 2240 1445 2295 ﬁeri
1467 2240 1639 2309 jussit
1665 2256 1731 2293 ac
1748 2239 1928 2310 paulo
1952 2241 2085 2308 post

442 2331 707 2387 interﬁci.
743 2330 833 2385 Sic
862 2329 1031 2384 multi
1061 2328 1157 2384 alii
1185 2328 1529 2400 loquuntur,
1563 2342 1680 2381 non
1705 2327 1920 2398 inepte,
1944 2325 2083 2396 quia

440 2436 645 2493 preces
675 2418 1073 2490 potentiorum
1094 2432 1203 2490 pro
1230 2416 1412 2487 jussis
1442 2415 1751 2482 habendae,
1782 2419 1836 2469 et
1856 2413 1958 2485 qui
1989 2429 2082 2467 co-

440 2524 574 2579 gere
603 2511 816 2579 potest,
852 2507 897 2561 si
918 2506 1162 2578 quando
1191 2509 1379 2574 rogat,
1408 2505 1636 2574 jubere,
1667 2503 1985 2574 przrciperc
2015 2518 2082 2555 ac

437 2596 725 2653 mandare
755 2595 1086 2652 censendus
1108 2598 1213 2649 est.
1245 2596 1307 2648 Et
1327 2594 1613 2666 quoniam
1646 2593 1799 2646 facta
1819 2594 2082 2645 estlonie

439 2683 682 2750 mentio,
709 2698 887 2756 quem
920 2682 979 2738 in
1018 2682 1169 2737 libro
1219 2697 1353 2736 xvm
1406 2685 1616 2735 Iterum
1671 2679 2079 2733 Franciearum

438 2770 616 2826 docui
640 2787 762 2827 non
786 2773 1046 2837 Scotum,
1064 2774 1129 2825 ut
1145 2769 1327 2838 vulgo
1345 2770 1623 2835 cre'litur,
1648 2784 1753 2821 nec
1777 2767 2079 2831 abbatem,

438 2860 544 2916 sed
597 2860 836 2916 natione
892 2858 1128 2931 Italum,
1181 2875 1250 2915 ac
1303 2859 1655 2913 Bobiensem
1713 2857 2079 2911 monachum

435 2947 652 3016 fuisse;
683 2965 815 3020 quae
852 2948 1045 3020 patria
1075 2948 1205 3018 ejus
1233 2947 1422 3010 fuerit,
1458 2947 1607 3000 scire
1637 2945 1927 3000 convenit.
1983 2947 2081 2998 Bc-

436 3036 565 3110 peri
590 3054 780 3110 nuper
798 3038 859 3093 in
884 3037 1063 3094 veteri
1091 3038 1293 3092 codice
1314 3037 1491 3091 vitam
1520 3034 1677 3090 beati
1701 3035 1875 3089 Attali
1900 3033 2082 3089 abba-

434 3126 509 3181 tis
542 3125 866 3191 Bobiensis,
900 3127 1001 3193 (ita
1022 3126 1180 3180 enim
1206 3125 1286 3179 ibi
1311 3141 1565 3195 semper,
1599 3128 1655 3179 et
1684 3122 1929 3177 omnino
1956 3138 2078 3176 me-

434 3212 550 3268 lius
579 3214 931 3286 appellatur,
964 3230 1101 3269 cum
1123 3213 1304 3279 vulgo
1334 3212 1553 3268 Attalas
1582 3211 1677 3266 vel
1705 3212 1892 3266 Attala
1924 3212 2077 3266 dica-

438 3305 549 3369 tur)
581 3300 641 3356 in
672 3318 794 3374 qua
818 3304 997 3357 Jonas
1027 3302 1153 3374 ipse
1181 3301 1254 3356 de
1303 3316 1363 3355 se
1411 3307 1662 3355 matrem
1715 3316 1886 3353 suam
1946 3305 2077 3369 post

436 3405 629 3445 annos
660 3405 877 3445 novem
910 3391 1150 3457 visente,
1184 3388 1331 3444 etde
1362 3389 1601 3443 duobus
1626 3388 1846 3443 itineris
1876 3388 1962 3441 sui
1985 3405 2076 3442 co-

432 3478 676 3534 mitibus
695 3476 776 3533 sic
804 3478 1005 3535 scribit
1038 3496 1050 3533 :
1087 3478 1242 3534 Datis
1269 3476 1587 3532 comitibus
1618 3476 1871 3532 Blidult'o
1914 3492 2074 3547 pres-

427 3567 638 3642 bytero
668 3573 726 3626 et
753 3565 1148 3625 Ermenoaldo
1176 3566 1452 3634 diacono,
1486 3581 1691 3619 mense
1724 3564 2072 3621 Ferbruario

430 3678 459 3707 ‹‹
489 3657 568 3715 ad
592 3657 953 3713 destinatum
969 3653 1349 3727 pervenimus
1370 3653 1587 3708 locum.
1623 3658 1751 3708 Iirat
1781 3656 1940 3708 enim
1975 3658 2071 3710 Se-

428 3745 601 3816 gusia
627 3746 772 3800 urbs
797 3743 1033 3808 nobilis,
1066 3742 1374 3814 quondam
1401 3739 1812 3797 Taurinatium
1840 3742 2074 3798 colonia

427 3831 1097 3901 amonasterio[Bobio]
1128 3831 1352 3885 distans
1394 3847 1499 3886 uxr.
1554 3831 1812 3886 milibus.
1871 3832 1951 3887 lbi
2010 3834 2071 3887 ut

427 3920 835 3993 pervenimus,
866 3919 1111 3989 gratuite
1149 3918 1231 3989 [id
1279 3922 1366 3974 est
1396 3920 1712 3989 gratanter]
1735 3934 1771 3974 a
1794 3921 2069 3989 genitrice

428 4012 564 4081 post
617 4012 920 4065 tantorum
963 4006 1268 4063 intervalla
1313 4023 1610 4063 annorum
1661 4009 1919 4080 suscepti
1970 4027 2070 4065 su-

428 4115 583 4153 mus.
618 4122 646 4149 »
679 4098 906 4165 Quibus
932 4113 1001 4154 ex
1028 4097 1226 4154 verbis
1281 4096 1623 4165 intelligitur
1651 4100 1861 4153 Jonam
1895 4100 2071 4169 Segu-

426 4185 759 4243 sionensem
798 4186 987 4259 patria
1016 4186 1217 4253 fuisse,
1246 4202 1383 4240 cum
1412 4184 1493 4240 ibi
1521 4189 1577 4240 et
1604 4189 1793 4240 mater
1818 4190 1873 4241 et
1893 4186 2069 4243 frater

425 4276 553 4347 ejus
582 4276 933 4333 habitarent.
958 4275 1205 4345 Segusio
1235 4277 1455 4341 autem,
1480 4274 1573 4329 vel
1601 4274 1933 4346 Segusium,
1964 4292 2067 4350 op-

420 4364 629 4436 pidum
660 4380 695 4421 a
724 4363 908 4421 Plinio
926 4368 982 4419 et
1008 4362 1325 4418 Ammiano
1352 4380 1363 4428 ;
1392 4361 1535 4416 urbs
1559 4378 1594 4416 a
1617 4364 1892 4431 Gregorio
1918 4365 2068 4420 aliis-

2191 468 2334 520 cwlo
2361 468 2518 521 sczlcs
2551 469 2833 539 consequi
2870 475 3226 536 mereantur,
3276 486 3439 539 quas
3504 475 3746 524 certum
3791 478 3853 523 es:

2192 572 2307 607 non
2341 556 2608 621 dignitati
2640 557 2859 626 deberi,
2896 559 2997 611 sed
3034 558 3269 611 meritis.

2192 646 2295 713 (91)
2322 646 2442 698 Hos
2474 646 2631 699 decf?!
2664 648 2969 714 cuigilurc,
3004 648 3146 701 cibis
3180 654 3232 701 et
3262 664 3541 715 parcere
3572 650 3793 711 multis,

2194 734 2311 784 Pro
2330 736 2544 800 populi
2567 749 2905 805 semperque
2933 738 3053 788 suis
3079 751 3253 791 orare
3282 738 3521 792 rvinis.

2265 822 2634 891 Presbyteros
2662 828 2716 876 et
2745 823 3059 894 episcopos
3083 824 3274 885 docet.
3308 825 3521 897 plebis
3557 826 3679 881 sibi
3710 843 3838 879 coui-

2192 908 2387 961 missze
2415 926 2618 963 curam
2654 927 2868 965 :rerere.
2904 918 2958 965 et
2998 928 3245 965 suorum
3299 929 3659 985 quemque,
3720 914 3842 965 velut

2192 1002 2459 1066 pastores
2489 1014 2755 1061 gregum,
2787 999 3093 1063 invigilare
3148 1002 3440 1055 CllSlOdltB
3471 1021 3486 1069 ;
3554 1002 3768 1074 paucis
3795 1002 3845 1054 ci-

2192 1086 2280 1138 bis
2311 1103 2435 1138 esse
2470 1093 2796 1155 contentos,
2826 1094 2876 1142 et
2911 1106 3015 1160 pro
3071 1090 3280 1161 populi
3337 1090 3592 1146 delictis
3646 1108 3716 1146 ac
3748 1091 3845 1144 suis

2193 1191 2424 1245 semper
2458 1178 2634 1227 Ilcum
2671 1193 2840 1231 orare
2882 1194 2949 1231 ac
2994 1178 3323 1249 deprecari.
3391 1182 3625 1235 Castus
3682 1186 3737 1235 et
3785 1197 3847 1233 su-

2194 1264 2346 1315 brios
2379 1280 2480 1316 eos
2514 1281 2638 1317 esse
2671 1271 2959 1334 oportere,
2990 1282 3172 1337 supra
3200 1266 3347 1321 dixit
3400 1268 3743 1323 Atlalbero.
3778 1269 3847 1321 Sir

2194 1350 2543 1404 Ammianus
2574 1352 2941 1406 Marcellinus
2974 1353 3033 1407 in
3060 1354 3212 1408 libro
3243 1371 3407 1409 xxvu
3453 1357 3694 1425 scribit,
3744 1356 3846 1409 An-

2194 1441 2398 1491 {isti/cs
2425 1442 2824 1507 provinciales
2857 1446 3142 1497 tenuitate
3186 1444 3402 1497 edendi
3464 1447 3844 1514 potandique.

2193 1530 2420 1581 vilitate
2444 1532 2619 1582 etiam
2645 1531 3123 1585 indumentorum
3152 1534 3600 1589 commendari.
3633 1533 3785 1589 Idem
3808 1546 3847 1587 cl

2191 1615 2500 1681 Gregorius
2534 1618 2929 1672 Nazianzenus
2968 1620 3285 1691 episcopus
3345 1620 3409 1675 in
3481 1623 3846 1677 Carminibus

2122 1727 2158 1777 Β
2191 1704 2409 1773 pagina
2446 1709 2497 1758 tl
2540 1705 2729 1760 tradit.

2191 1797 2304 1857 (92)
2334 1794 2535 1847 Pauca
2562 1810 2739 1861 super
2768 1797 2999 1850 clericis
3017 1796 3166 1864 dixi,
3190 1797 3293 1852 sed
3315 1799 3519 1866 plura
3550 1801 3782 1870 reliqui.

2265 1884 2449 1935 Pauca
2473 1882 2544 1935 de
2569 1883 2792 1937 clericis
2810 1884 2951 1953 dixi,
2974 1886 3075 1939 sed
3099 1885 3271 1956 plura
3296 1888 3483 1941 omisi
3504 1905 3648 1960 quae
3671 1888 3840 1943 dicere

2192 1969 2534 2038 potuissem.
2569 1970 2863 2024 Adalbcro
2896 1973 3053 2026 hunc
3086 1989 3323 2027 versum
3354 1977 3651 2045 mutavit,
3694 1977 3838 2047 eique

2191 2056 2437 2110 alterum
2462 2059 2926 2112 emendatiorem
2949 2060 3267 2129 substituit,
3292 2062 3401 2132 qui
3430 2064 3577 2118 talis
3598 2070 3720 2119 est:

2193 2147 2395 2200 Pauca
2425 2162 2604 2215 super
2630 2148 2786 2202 clero
2813 2149 2961 2213 dixi,
2994 2164 3173 2218 super
3192 2150 3407 2206 ordine
3432 2169 3674 2221 pauca.

2191 2236 2299 2300 (93)
2334 2235 2627 2305 AE'qualcs
2660 2238 2843 2303 igitur
2872 2244 3008 2292 sunt
3039 2253 3238 2294 omnes
3266 2241 3631 2299 conditione

2198 2324 2324 2377 Una
2356 2325 2560 2379 domus
2593 2327 2829 2380 Domini
2853 2327 2978 2396 lege
3006 2329 3058 2382 si
3084 2329 3398 2385 clauditur
3426 2347 3587 2388 una.

2264 2410 2420 2464 Prior
2454 2429 2653 2465 versus
2684 2414 2931 2467 refertur
2955 2414 3032 2468 ad
3056 2414 3115 2469 id
3133 2418 3293 2487 quod
3321 2433 3520 2489 supra
3571 2422 3844 2492 scriptum

2193 2504 2281 2553 est
2302 2499 2380 2554 ab
2400 2500 2773 2555 Adalberone
2803 2502 2874 2556 de
2922 2504 3201 2559 ministris
3230 2505 3541 2578 Ecclesiie,
3578 2511 3676 2565 vel
3702 2510 3846 2566 cleri-

2193 2603 2274 2641 CIS
2315 2605 2325 2641 ἶ

2190 2676 2432 2730 Fel-mat
2460 2693 2550 2731 eos
2582 2693 2775 2732 omnes
2808 2681 3029 2748 a’quali
3057 2681 3397 2741 conditione
3416 2697 3437 2736 .'

2262 2764 2603 2819 Posterioris
2632 2765 2690 2819 in
2723 2782 2929 2820 versus
2959 2766 3160 2823 locum
3182 2769 3417 2825 suffecit
3456 2771 3638 2829 hunc
3693 2774 3847 2830 Adal-

2189 2852 2351 2907 bcro.

2192 2943 2315 2996 Una
2340 2943 2542 2997 (lamus
2567 2946 2703 2997 Dom
2713 2946 2798 2998 ini
2811 2946 2896 2999 sic
2911 2947 3035 3015 lege
3054 2948 3389 3001 revolvitur
3407 2964 3569 3005 una.

2188 3034 2299 3100 (9i)
2326 3034 2448 3087 Lerc
2466 3033 2727 3088 humana
2750 3035 2900 3089 (luas
2925 3036 3136 3089 indicit
3162 3037 3545 3095 conditiones
3570 3057 3595 3095 .°

2188 3121 2411 3175 Nobilis
2438 3129 2488 3176 et
2518 3137 2721 3177 servus
2751 3125 2935 3178 simili
2963 3139 3081 3178 non
3110 3125 3235 3193 lege
3265 3132 3581 3184 tenentur.

2259 3209 2549 3265 Adalbcro
2604 3228 2813 3267 omnes
2867 3213 3160 3277 homines,
3222 3214 3434 3269 saltem
3468 3221 3652 3289 apud
3690 3225 3846 3276 Fran-

2186 3313 2307 3358 cos,
2339 3299 2398 3352 in
2429 3299 2584 3353 duos
2615 3302 2852 3355 ordines
2880 3302 2959 3355 ait
2987 3317 3115 3356 esse
3147 3302 3373 3357 divisos
3408 3321 3421 3369 ;
3464 3305 3745 3365 alterum
3777 3326 3848 3378 ge-

2185 3403 2297 3440 nus
2326 3404 2454 3442 esse
2483 3391 2770 3444 nobilium
2802 3409 2813 3453 ;
2864 3391 3115 3445 alterum
3148 3407 3480 3448 servorum.
3552 3398 3677 3453 Ubi
3710 3400 3847 3453 notri-

2187 3476 2328 3530 lium
2355 3477 2616 3543 nomine,
2643 3477 2989 3545 honoratos,
3048 3479 3287 3549 milites,
3336 3487 3395 3536 et
3436 3498 3848 3560 quoscunque

2182 3566 2357 3618 etiam
2388 3566 2442 3618 in
2456 3582 2676 3633 genuos
2708 3566 2781 3621 de
2810 3568 3148 3638 patrimonii
3180 3570 3269 3623 sui
3325 3570 3528 3628 reditu
3590 3579 3847 3632 viventes

2182 3652 2495 3721 ile.~lgllitl;
2555 3670 2857 3710 servorum
2909 3662 3109 3712 autem
3142 3658 3558 3730 appellatione
3612 3673 3847 3721 caeteros

2179 3755 2412 3806 omnes,
2447 3741 2727 3796 nimirum
2755 3748 3133 3813 mercatores,
3177 3745 3456 3816 artiﬁces,
3520 3754 3845 3821 agricolas,

2179 3834 2235 3883 et
2260 3829 2406 3884 alios
2429 3836 2663 3901 quaestu
2696 3848 2758 3886 se
2790 3838 3207 3899 sustentautes,
3249 3851 3404 3907 quos
3468 3840 3684 3898 Latini
3736 3846 3846 3913 ple-

2181 3918 2303 3973 bem
2380 3924 2640 3988 vocant,
2719 3920 2975 3976 famulos
3045 3922 3295 3978 demum
3365 3929 3558 3997 atque
3634 3935 3848 3990 manci-

2177 4006 2320 4096 pia;
2379 4007 2608 4063 nobiles
2666 4009 2963 4066 Adalbero
3038 4010 3219 4067 etiam
3269 4013 3585 4082 ingenuos
3650 4023 3847 4096 appet.

2176 4094 2276 4163 lat,
2310 4113 2360 4150 v.
2395 4100 2495 4153 293
2533 4114 2545 4151 :

2176 4184 2325 4239 Nam
2350 4187 2505 4240 valet
2522 4187 2813 4256 ingenuus
2836 4190 2961 4243 sine
2979 4191 3165 4244 servis
3187 4191 3385 4246 vivere
3413 4194 3655 4254 nullus

2247 4276 2457 4329 Servos
2484 4290 2627 4330 vero
2655 4282 2963 4349 nuncupat
2994 4278 3152 4333 idem
3178 4283 3236 4333 et
3257 4279 3498 4348 vulgus,
3530 4300 3600 4341 ν.
3635 4292 3750 4346 285
3776 4309 3789 4344 :

2124 4394 2135 4437 ;
2174 4363 2511 4429 Defendunt
2535 4366 2965 4435 vulgimajores
2992 4371 3172 4437 atque
3190 4369 3466 4423 minores.

419 4425 557 4524 que,
610 4468 646 4508 a
695 4451 1064 4525 quibusdam
1111 4454 1168 4505 et
1196 4425 1402 4505 civitas
1430 4449 1657 4518 dicitur,
1714 4425 2000 4525 abestque
2030 4470 2064 4510 a
2097 4425 2140 4478 D
2242 4425 2331 4505 Sic
2362 4425 2692 4518 Gregorius,
2726 4425 2947 4508 invlibri
2977 4471 3015 4508 x
3047 4425 3238 4525 capite
3266 4459 3317 4521 4,
3341 4456 3595 4525 legatos
3624 4466 3847 4523 Chjlde.

419 4541 782 4597 monasterio
814 4539 995 4596 Bobio
1026 4537 1211 4594 millia
1246 4554 1495 4611 passum
1534 4555 1659 4610 CXL,
1715 4545 1819 4597 aut
1866 4543 2063 4615 potius

419 4644 542 4685 CLX.
568 4630 832 4685 Positum
857 4634 945 4684 est
981 4629 1093 4683 hoc
1124 4626 1413 4700 oppidum
1445 4629 1523 4684 ad
1545 4629 1779 4702 Alpium
1803 4630 2057 4699 radices,

417 4723 472 4774 et
501 4718 695 4776 Galliae
717 4718 871 4779 ﬁnis,
903 4732 973 4772 ac
1000 4716 1230 4772 initium
1262 4716 1435 4774 Italiae
1464 4719 1735 4775 habetur.
1770 4719 1933 4775 Certe
1983 4719 2060 4776 ab

416 4823 486 4862 eo
514 4807 644 4864 loco
674 4806 879 4878 incipit
907 4804 1086 4873 Italia,
1117 4806 1211 4862 cui
1241 4810 1298 4862 et
1325 4806 1403 4863 ab
1457 4807 1741 4863 omnibus
1797 4809 2061 4866 attribui-

415 4898 527 4950 tur.

413 4983 521 5052 (89)
568 4984 710 5039 Voce
739 4982 846 5037 Dei
872 4982 1030 5052 quod
1047 4983 1398 5051 promissum
1420 4999 1541 5038 non
1559 4996 1681 5039 esse
1702 4988 1984 5052 negatum

413 5072 723 5127 Credimus
753 5076 807 5125 et
835 5069 1048 5127 scimus
1068 5072 1135 5127 ni
1152 5087 1294 5143 quos
1314 5087 1424 5126 sua
1446 5072 1701 5127 crimina
1720 5071 1978 5140 pellunt.

485 5158 655 5224 Quod
683 5163 1125 5216 sacramentum
1155 5159 1419 5231 corporis
1450 5158 1543 5214 sui
1566 5174 1603 5215 a
1633 5159 1859 5216 Christo
1883 5160 2053 5217 disci-

408 5245 567 5319 pulis
588 5243 710 5301 suis
740 5246 1129 5321 Ecclesiaeque
1158 5245 1522 5320 promissum
1562 5251 1619 5303 et
1670 5248 1900 5316 datum,
1939 5265 2049 5306 nec

407 5333 523 5390 nisi
547 5332 638 5391 his
665 5335 766 5409 qui
793 5341 1036 5411 propter
1062 5338 1308 5407 peccata
1360 5334 1710 5405 gravissima
1766 5343 1965 5396 essent
2014 5356 2051 5396 a

408 5424 827 5482 communione
852 5422 1086 5490 remoti,
1116 5427 1401 5493 negatum
1448 5441 1596 5494 esse,
1647 5426 1945 5484 credimus
1995 5435 2051 5485 et

406 5516 563 5569 certo
581 5514 825 5570 scimus.

405 5604 516 5673 (90)
538 5603 609 5659 In
635 5601 796 5659 caelis
815 5600 1052 5669 primas
1080 5595 1287 5655 debent
1313 5602 1698 5659 conscendere
1721 5603 1901 5659 sedes.

472 5688 804 5763 Presbyteri
828 5690 887 5742 et
905 5685 1231 5757 praesertim
1252 5688 1515 5761 episcopi
1542 5692 1702 5762 eniti,
1760 5693 1907 5748 dum
1963 5697 2046 5749 vi-

2169 4536 2337 4604 berti,
2368 4538 2522 4607 regis
2553 4542 2910 4595 Francorum
2941 4542 3083 4598 bene
3106 4544 3392 4612 ingenuos
3418 4556 3841 4613 generatione.

2169 4630 2224 4681 et
2250 4626 2324 4716 in,
2340 4626 2529 4716 capite
2548 4631 2637 4696 29,
2678 4628 2868 4683 Aredii
2902 4634 3176 4701 parentes
3207 4630 3386 4687 valde
3407 4631 3734 4704 ingenuos
3748 4659 3845 4716 pro

2164 4715 2467 4770 nobilibus
2507 4721 2697 4771 vocat.

2166 4805 2277 4875 (95)
2298 4806 2453 4859 Nam
2471 4806 2657 4873 primi
2669 4806 2786 4861 duo
2807 4813 2965 4874 sunt,
2984 4809 3142 4863 alter
3161 4809 3336 4878 regit,
3362 4811 3647 4880 imperat
3669 4821 3843 4877 alter.

2236 4895 2316 4948 Ex
2344 4908 2556 4961 geneie
2582 4894 2872 4950 nobilium
2896 4901 3057 4965 sunt,
3089 4901 3148 4951 et
3184 4897 3338 4952 inter
3392 4914 3503 4956 eos
3568 4910 3846 4966 eminent

2162 4998 2231 5037 ac
2258 4982 2659 5054 principatum
2689 4988 2887 5039 tenent
2906 4984 3048 5051 duo,
3068 5001 3171 5040 rex
3192 4990 3250 5041 et
3268 4986 3625 5058 imperator
3652 5015 3668 5064 ;
3702 5016 3847 5071 quo-

2160 5088 2293 5127 rum
2320 5072 2578 5126 consiliis
2607 5077 2664 5127 et
2700 5072 3196 5145 dispositionibus
3218 5076 3578 5148 respublica
3643 5092 3773 5144 stat
3802 5105 3845 5153 ei

2157 5161 2377 5217 nititur.
2407 5164 2488 5215 Ex
2516 5160 2611 5216 his
2642 5162 2794 5218 ﬁunt
2821 5167 2877 5218 et
2905 5163 3174 5231 comites,
3229 5170 3289 5221 et
3343 5170 3772 5233 marchiones
3800 5184 3847 5232 et

2156 5251 2359 5306 duces.

2156 5339 2270 5427 (96)
2298 5340 2449 5395 Sunt
2477 5341 2604 5410 alii,
2636 5342 2841 5411 quales
2867 5342 3225 5411 constringit
3243 5344 3423 5400 nulla
3448 5356 3786 5427 potestas;

2159 5426 2427 5485 Crimina
2456 5430 2507 5485 si
2523 5430 2791 5500 fugiunt,
2817 5445 2946 5500 qua
2963 5444 3171 5500 regum
3193 5438 3432 5501 sceptra
3449 5426 3780 5503 coerceat.

2158 5517 2241 5571 Hi
2264 5517 2591 5583 bellatores,
2622 5524 2844 5574 tutores
2873 5519 3307 5591 Ecclesiarum,
3340 5527 3456 5579 etc.

2230 5608 2651 5663 Describuntur
2673 5607 3054 5681 Lis‘quinque
3076 5610 3351 5665 versibus
3373 5615 3626 5677 nobiles
3646 5626 3753 5682 vel
3768 5628 3841 5681 in-

2154 5697 2351 5765 genui,
2370 5696 2475 5767 qui
2487 5695 2756 5763 militant,
2779 5699 2837 5751 et
2860 5711 2979 5753 sese
3009 5712 3081 5754 ac
3128 5712 3251 5755 una
3274 5700 3605 5766 Ecclesiae
3640 5720 3709 5773 et
3737 5712 3841 5772 clo-
