3878 6390
31 301 131 352 813

1028 297 1307 353 CARMEN
1350 299 1445 351 AD
1487 291 1862 350 ROBERTUM
1903 293 2135 349 REGEM
2162 323 2230 334 —-
2265 293 2487 350 ΝΟΤᾸΞ

2991 263 3007 288 κ

3350 295 3456 352 814

29 437 185 486 rum,
216 425 398 492 atque
429 425 684 490 majores
713 427 768 476 et
793 423 1046 477 minores
1082 423 1266 491 vulgi,
1312 437 1416 475 seu
1472 418 1681 491 plebis,
1723 419 1771 472 Α
1800 417 1942 471 dens
1965 417 2167 472 vocari
2199 417 2479 490 oportuit,
2510 417 2744 473 imitari
2758 417 3000 485 olorem,
3035 416 3131 474 vel
3151 418 3324 489 cycni
3378 417 3458 474 sl-

31 527 187 581 quos
222 525 410 580 supra
441 526 638 566 servos
667 510 812 565 dixit
835 511 1154 580 Adalbero,
1202 511 1386 565 armis
1421 509 1497 563 ab
1548 507 1698 576 inju-

33 599 119 652 ria
151 597 516 653 defundunt.

35 690 140 756 ⁷97)
178 688 394 742 Altera
424 703 729 742 servorum
760 687 970 741 divisio
998 687 1426 748 conditionum,

35 778 160 830 Hoc
187 791 378 845 genus
406 778 728 845 afﬂictum,
765 777 854 830 nil
877 778 1132 845 possidet
1163 777 1384 846 absque
1408 775 1626 829 labore.

110 869 276 920 Nunc
308 865 572 937 loquitur
597 865 893 920 Adalbero
924 866 997 920 de
1031 867 1232 926 servis,
1265 865 1378 919 hoc
1437 868 1522 918 est
1580 878 1701 917 non

35 957 107 1010 de
137 955 382 1010 famulis
417 955 600 1010 modo
629 961 806 1027 atque
850 956 923 1011 de
977 955 1292 1027 mancipiis
1339 952 1701 1017 domesticis,

39 1045 142 1098 sed
174 1046 356 1099 etiam
389 1045 462 1098 de.
493 1044 585 1098 his
617 1043 716 1115 qui
753 1048 1106 1108 mercatura,
1139 1048 1242 1098 aut
1273 1042 1520 1098 artificio
1559 1057 1705 1112 quo-

41 1134 198 1194 libet,
235 1138 340 1188 aut
371 1149 554 1204 opera
587 1150 646 1187 se
675 1150 783 1188 sua
809 1138 1163 1205 quaestuque
1198 1135 1550 1186 sustentant.
1585 1133 1704 1185 Hoc

41 1222 358 1277 hominum
407 1238 596 1287 genus
657 1222 991 1277 admodum
1049 1227 1134 1276 est
1191 1220 1582 1285 laboriosum,
1635 1236 1703 1274 ac

41 1311 198 1365 velut
231 1311 291 1365 in
327 1327 506 1364 usum
533 1316 588 1364 et
637 1311 1028 1364 ministerium
1083 1314 1432 1364 caeterorum
1493 1312 1703 1362 natum

41 1406 94 1454 et
126 1400 375 1454 factum.
427 1399 589 1454 Unde
665 1399 963 1453 Adalbero
1013 1404 1191 1463 negat
1244 1397 1325 1452 eis
1369 1397 1701 1468 quidquam

40 1507 170 1543 esse
202 1489 314 1543 nisi
349 1488 553 1543 labore
580 1488 920 1560 quaesitum,
945 1493 1000 1542 et
1026 1487 1178 1542 infra
1200 1487 1297 1552 ait,
1325 1503 1375 1540 v.
1409 1490 1511 1540 296
1539 1502 1705 1541 enar-

43 1579 157 1632 rari
189 1578 442 1632 omnino
473 1591 592 1632 non
624 1594 820 1650 posse.

45 1670 370 1723 Servorum
399 1668 682 1730 studium,
716 1682 924 1721 cursus
957 1673 1268 1735 tantosque
1296 1665 1545 1718 labores.

1809 507 1946 560 mile
1977 522 2107 561 esse.
2138 507 2217 562 ait
2240 523 2362 573 rex,
2392 506 2564 562 sicuti
2587 507 2887 579 hodieque
2933 505 3039 578 qui
3092 510 3217 563 toto
3269 506 3461 580 capite

1810 600 1866 650 et
1889 595 2079 650 barba
2121 612 2332 651 canem
2361 611 2565 651 senem
2602 597 2800 652 instar
2843 596 3023 666 cycni
3057 611 3273 652 canum
3330 610 3463 652 esse

1808 685 1990 753 vulgo
2039 686 2338 742 dicimus:
2399 688 2454 741 Il
2497 693 2580 742 est
2636 687 2814 742 blanc
2861 702 3082 743 eamme
3110 685 3196 743 un'
3251 702 3460 758 eygnc.

1813 775 2200 830 Posteriorem
2237 793 2482 831 versum
2540 776 2794 832 mutavit
2839 774 3138 832 Adalbero
3193 776 3273 832 ad
3323 792 3464 832 eum

1812 863 2084 930 modum,
2117 866 2222 920 sed
2253 866 2453 921 minus
2485 866 2744 922 feliciter.

1816 955 1984 1009 Talia
2019 961 2073 1009 te
2097 961 2322 1010 natura
2345 957 2500 1012 senis
2528 957 2751 1013 dixisse
2774 956 3096 1026 probatur,

1811 1046 1961 1112 (101)
1991 1046 2248 1100 Credere
2274 1062 2393 1101 non
2419 1061 2633 1102 sanum
2665 1047 2804 1102 talis
2829 1053 3054 1103 natura
3078 1048 3264 1118 coegit
3290 1061 3314 1117 ;

1886 1136 2005 1188 Hoc
2029 1139 2136 1199 est,
2170 1141 2440 1190 senectus
2466 1151 2602 1207 quae
2624 1138 2840 1192 natura
2860 1135 3048 1191 delira
3079 1139 3188 1207 est,
3229 1135 3468 1192 credere

1816 1237 1910 1275 me
1942 1222 2099 1286 cogit
2126 1227 2180 1278 te
2203 1237 2323 1277 non
2355 1239 2517 1278 sanas
2547 1239 2675 1278 esse
2707 1223 2942 1280 mentis.
2989 1224 3468 1298 Superscriptum

1814 1314 1939 1364 erat
1967 1310 2025 1363 in
2059 1310 2261 1364 codice
2296 1327 2309 1364 :

1823 1400 1898 1453 Te
1927 1415 2156 1468 quoque
2185 1417 2301 1455 non
2332 1417 2543 1457 sanum
2577 1403 2718 1457 talis
2755 1407 2982 1458 natura
3009 1403 3216 1472 coegit.

1815 1494 1877 1542 ut
1907 1488 1980 1543 sit
2008 1505 2218 1543 sensus
2254 1507 2265 1544 :
2300 1492 2537 1547 Natura
2563 1491 2879 1547 senectutis
2907 1493 3092 1562 coegit
3120 1498 3176 1549 te
3200 1507 3321 1549 esse
3347 1508 3470 1549 non

1813 1593 2047 1646 sanum,
2081 1579 2271 1646 coegit
2303 1584 2354 1632 te
2386 1579 2649 1635 insanire
2675 1585 2731 1636 et
2761 1580 2870 1635 has
2891 1580 3038 1635 mihi
3065 1596 3257 1650 nugas
3284 1580 3470 1653 loqui.

1815 1667 1962 1736 (la-2)
1992 1667 2206 1723 Altera
2237 1685 2327 1724 me
2353 1671 2644 1726 simulat:
2680 1671 2841 1726 senio
2868 1685 2985 1726 non
3011 1670 3226 1740 defecit
3262 1671 3396 1727 illa.

119 1758 279 1812 Idem
339 1757 744 1811 laborantium
803 1771 906 1810 eos
957 1755 1355 1827 appellatione
1430 1753 1707 1823 designat
1748 1769 1786 1822 Β
1885 1759 2028 1811 Atia
2060 1773 2154 1811 me
2178 1763 2423 1822 natura,
2455 1775 2589 1831 quae
2617 1763 2921 1815 senectute
2949 1775 3072 1816 non
3098 1759 3315 1828 deﬁcit,
3377 1759 3473 1816 sti-

48 1847 157 1901 hoc
192 1863 388 1901 versu.

50 1939 223 1992 Nunc
253 1942 437 1992 orant
474 1937 601 2000 alii,
643 1941 942 2005 pugnant,
975 1937 1199 2005 aliique
1229 1936 1527 1989 laborant.

120 2027 296 2081 Addit
322 2025 618 2080 Adalbero
661 2042 696 2080 a
751 2026 932 2080 servis
987 2024 1216 2079 nobiles
1272 2024 1363 2078 vel
1417 2024 1710 2091 ingenuos

53 2117 254 2171 vestiri
284 2128 304 2182 ,'
335 2131 372 2170 a
401 2116 585 2169 servis
605 2113 698 2168 vel
727 2114 888 2185 ipsos
921 2113 1201 2168 dominos
1219 2113 1389 2184 pasci
1417 2131 1428 2178 ;
1463 2118 1710 2166 crmctos

50 2221 193 2274 opes
225 2221 333 2276 per
361 2220 463 2258 eos
495 2218 761 2274 quaerere
796 2220 808 2268 ;
837 2204 963 2257 sine
988 2204 1067 2257 eis
1099 2203 1313 2266 vivere,
1361 2207 1463 2256 aut
1513 2200 1592 2255 ad
1623 2201 1709 2254 vi-

49 2296 164 2346 tam
197 2292 539 2346 necessaria
571 2290 791 2345 habere
822 2292 1108 2346 neminem
1140 2306 1306 2358 posse
1337 2306 1356 2344 .'
1381 2306 1584 2359 regem
1614 2289 1712 2344 de-

53 2398 213 2435 mum
249 2382 579 2453 ipsummet
604 2385 662 2436 et
689 2379 1005 2452 episcopos
1035 2395 1103 2434 ac
1162 2379 1503 2450 optimates,
1555 2395 1708 2451 quo-

50 2469 399 2542 tiescunque
433 2485 743 2523 servorum
775 2483 958 2540 opera
1015 2473 1208 2534 egent,
1269 2467 1353 2522 eis
1409 2467 1708 2540 quodam-

53 2559 230 2612 modo
255 2558 442 2613 videri
477 2558 710 2612 servire.

51 2653 160 2712 (98)
197 2651 516 2703 Servorum
581 2649 884 2714 laerymx,
942 2647 1194 2716 gemitus
1249 2662 1368 2700 non
1424 2647 1710 2701 terminus

1430 2734 1635 2803 [ullus.

124 2825 453 2895 Singularis
485 2841 772 2880 numerus
810 2839 920 2894 pro
952 2821 1200 2895 plurali;
1235 2822 1295 2876 id
1353 2825 1460 2886 est,
1517 2821 1710 2892 lacry-

56 2929 287 2969 marum
324 2913 774 2984 gemituumque
817 2927 1126 2966 servorum
1180 2909 1380 2964 nullus
1435 2913 1521 2963 est
1577 2908 1710 2963 linis

55 3007 152 3056 aut
183 3003 490 3058 terminus.

56 3111 164 3179 (99)
199 3111 446 3178 Triplex
463 3123 604 3173 ergo
626 3109 734 3162 Dei
744 3107 950 3162 domus
973 3113 1076 3174 est,
1101 3121 1235 3177 qutr
1265 3106 1532 3161 creditur
1553 3120 1674 3160 una
1699 3133 1718 3186 ;

59 3198 226 3253 Nunc
252 3204 431 3254 orant
461 3198 590 3266 alii,
619 3201 916 3266 pugnant,
952 3197 1174 3264 aliique
1205 3195 1484 3249 laborant
1511 3209 1534 3249 .'

61 3289 194 3354 qu
225 3290 347 3343 tria
369 3293 506 3342 sunt
539 3288 738 3353 simul,
769 3291 820 3342 et
842 3287 1162 3342 scissuram
1197 3302 1311 3340 non
1366 3286 1706 3354 patiuntur.

130 3381 352 3434 Domus
383 3376 480 3432 Dei
510 3393 646 3448 qua:
679 3392 799 3431 una
837 3375 1116 3438 creditur,
1171 3380 1227 3430 et
1280 3391 1415 3446 quas
1462 3391 1582 3429 una
1631 3373 1709 3428 ab

62 3466 432 3522 Adalberone
462 3465 804 3536 supradicta
835 3470 940 3532 est,
972 3465 1094 3520 sive
1129 3463 1404 3528 Ecclesia,
1463 3462 1710 3535 triperti-

62 3559 246 3622 taest,
289 3572 358 3611 ac
396 3555 455 3609 in
510 3555 618 3609 tria
678 3553 994 3608 hominum
1050 3569 1269 3620 genera
1320 3552 1530 3605 divisa.
1586 3551 1715 3606 Alii

62 3644 213 3698 enim
246 3662 316 3699 ex
351 3643 695 3699 Christianis
726 3650 922 3708 tn'ant,
949 3643 1064 3696 alli
1083 3646 1378 3710 pugnant.
1432 3641 1711 3694 laborant

63 3735 165 3787 alii
194 3751 212 3788 :
253 3740 428 3789 orant
457 3733 668 3802 clerici,
697 3738 977 3802 pugnant
1008 3730 1245 3796 milites,
1279 3731 1553 3784 laborant
1585 3727 1710 3783 reli-

62 3823 179 3892 qui,
213 3824 496 3878 nimirum
530 3822 699 3894 plebs
733 3837 835 3875 seu
865 3821 1095 3889 vulgus.
1133 3820 1234 3872 Hic
1267 3823 1452 3873 status
1503 3816 1712 3888 triplex

62 3915 161 3976 est,
196 3929 379 3984 quem
411 3911 708 3966 Adalbero
735 3909 883 3964 dixit
905 3909 1019 3963 hoc
1051 3924 1225 3961 versu
1259 3925 1271 3961 :

129 4002 236 4056 Res
273 4002 417 4070 ﬁdei
444 4002 700 4068 simplex
721 4015 742 4068 ,°
771 4004 959 4053 status
991 4004 1070 4053 est
1097 3997 1201 4052 sed
1233 3998 1293 4051 in
1343 3995 1553 4052 ordine
1582 3998 1716 4051 sim-

60 4089 219 4154 plex.
249 4090 352 4144 Hic
385 4088 598 4162 triplex
628 4092 815 4143 status
847 4091 901 4141 et
934 4085 1142 4158 triplex
1172 4085 1320 4140 ordo
1349 4089 1403 4139 et
1420 4085 1714 4156 professio

63 4174 394 4246 hominum,
425 4176 577 4232 infra
603 4177 891 4232 connexio
919 4175 1164 4243 triplex,
1198 4189 1266 4229 ac
1327 4171 1714 4228 nihilominus

62 4268 312 4337 simplex
341 4271 724 4338 nuncupatur
753 4265 830 4321 ab
857 4264 1229 4320 Adalberone
1264 4283 1276 4319 :

63 4375 161 4430 Est
193 4379 384 4448 igitur
410 4377 665 4446 simplex
690 4377 830 4431 talis
861 4376 1148 4430 connexio
1185 4375 1428 4442 triplex.

129 4487 446 4558 PrOpterea
469 4483 635 4555 quod
662 4483 720 4538 lii
751 4488 865 4538 tres
888 4481 1148 4551 ordines,
1182 4480 1302 4535 sive
1335 4481 1461 4535 inec
1479 4480 1588 4536 tria
1608 4480 1717 4536 ho-
1752 4474 1795 4528 Ι)

65 4572 294 4629 minum
323 4587 544 4640 genera
576 4571 753 4625 unius
785 4571 1074 4642 corporis,
1130 4567 1397 4623 videlicet
1451 4567 1720 4624 Ecclesiae

69 4661 391 4724 catholicae,
421 4657 697 4712 membra
722 4663 857 4714 sunt
887 4664 1064 4730 atque
1095 4661 1278 4725 artus,
1321 4655 1485 4711 alteri
1511 4656 1722 4711 altero-

67 4763 193 4805 rum
210 4748 566 4818 indigentes,
601 4745 961 4801 cohaerentes
991 4745 1158 4801 alteri
1197 4743 1413 4811 alteris,
1445 4759 1552 4800 nec
1579 4744 1724 4800 divi-

69 4837 245 4895 sionis
275 4843 380 4894 aut
405 4834 634 4892 dissidii
661 4850 913 4907 capaces
945 4839 1126 4907 atque
1155 4832 1464 4906 patientes.

66 4941 79 5002 (
91 4947 209 5013 100)
251 4946 391 5000 Jam
443 4947 624 5011 caput
665 4956 794 4996 ecce
827 4946 994 4994 tuum
1012 4940 1275 4995 candens
1306 4939 1583 4993 imitatur
1604 4939 1724 4993 olo-

1483 5028 1650 5098 trem.

73 5121 210 5178 ch
236 5130 465 5180 natura
504 5122 818 5178 senectutis
849 5121 1074 5174 dixisse
1093 5119 1408 5188 probatur.

140 5229 373 5285 Dixerat
411 5228 708 5284 Adalbero
721 5230 854 5297 jam
885 5227 1035 5296 leges
1066 5226 1361 5280 tabescere
1397 5227 1453 5279 et
1506 5237 1722 5294 pacem

71 5316 368 5390 deﬂuere;
393 5319 622 5374 mutari
647 5317 950 5372 hominum
976 5331 1189 5382 mores,
1229 5313 1456 5369 mutari
1481 5316 1539 5368 et
1561 5311 1724 5368 ordi-

73 5422 221 5464 nem.
277 5413 479 5480 Itaque
532 5407 872 5473 Rotbertus,
929 5408 1294 5461 Francorum
1346 5420 1449 5458 rex
1498 5403 1726 5475 episco-

73 5510 238 5567 pum,
268 5497 372 5571 qui
402 5497 477 5552 de
505 5496 844 5552 conditione
877 5501 1218 5566 temporum
1246 5508 1494 5548 suorum
1545 5508 1725 5564 ques-

75 5587 164 5637 tus
194 5591 336 5653 erat,
372 5587 452 5642 ita
482 5586 686 5640 irridet
711 5591 773 5640 ut
797 5585 1050 5640 delirare
1077 5601 1215 5639 eum
1262 5583 1442 5651 dicat,
1483 5587 1540 5637 et
1583 5581 1725 5636 vitio

77 5675 386 5730 senectutis
417 5674 556 5729 talia
581 5674 922 5729 eﬁ‘utivisse.
955 5674 1150 5740 Caput
1183 5670 1573 5727 Adalberonis
1599 5685 1726 5724 om-

76 5761 134 5816 ni
157 5779 231 5820 ex
257 5767 425 5836 parte
447 5780 669 5821 canum
693 5763 885 5834 (quod
915 5777 1135 5819 canens
1160 5761 1356 5833 potius
1377 5775 1564 5832 quam
1589 5773 1728 5815 can~

1819 1846 2068 1901 mulavit
2098 1851 2154 1901 et
2185 1846 2473 1918 compulit
2499 1848 2635 1920 [me]
2667 1848 2745 1904 ad
2770 1864 2841 1904 ea
2870 1847 2974 1904 tibi
3024 1848 3280 1905 dicenda
3313 1867 3325 1904 :
3379 1848 3471 1905 ni-

1819 1934 2037 1989 mirum
2066 1935 2268 1990 anima
2298 1936 2542 1992 rationis
2570 1953 2819 2009 compos
2853 1941 2910 1994 et
2938 1941 3176 2008 aeterna,
3208 1937 3268 1994 in
3284 1953 3473 2011 quam

1819 2030 2089 2079 senectus
2121 2041 2242 2080 non
2272 2025 2449 2082 cadit.
2487 2025 2578 2083 Sic
2615 2025 2914 2082 Adalbero
2949 2025 3210 2100 loquitur
3227 2025 3372 2098 regi,
3408 2029 3476 2084 ut

1818 2112 2067 2168 delirare
2100 2129 2163 2168 se
2185 2118 2378 2182 neget.

1819 2203 1966 2270 (103)
1993 2204 2062 2258 Β.
2098 2203 2246 2270 Quot
2276 2203 2502 2260 homini
2529 2205 2759 2260 dantur
2785 2210 3041 2262 naturae.
3069 2205 3200 2261 Dic.
3227 2206 3300 2262 Ρ.
3319 2204 3476 2262 Puto

3210 2293 3403 2364 [binae

1892 2379 2118 2434 Scilicet
2149 2380 2390 2436 animus
2415 2379 2511 2436 vel
2535 2379 2765 2451 anima,
2796 2385 2853 2437 et
2880 2397 3120 2455 corpus.

1820 2486 1968 2557 (104)
1991 2487 2085 2541 Ex
2115 2487 2206 2542 his
2226 2502 2357 2557 qux
2375 2488 2661 2558 loquitur,
2690 2491 2862 2559 cujus
2878 2489 2999 2544 sint
3028 2488 3208 2545 verba
3237 2503 3474 2557 repone.

1893 2595 2110 2647 Harum
2142 2592 2401 2648 duarum
2441 2593 2704 2649 hominis
2731 2597 3084 2650 naturarum
3116 2598 3248 2649 utra
3271 2593 3481 2667 loqua-

1823 2686 1931 2745 tur,
1965 2679 2152 2735 utrius
2185 2681 2367 2736 verba
2397 2680 2532 2747 sint,
2565 2681 2678 2736 utri
2719 2697 2839 2737 vox
2897 2686 2954 2737 et
3010 2697 3207 2738 sermo
3265 2697 3480 2739 conve-

1819 2769 1963 2835 niat,
1987 2768 2374 2837 interroganti
2403 2768 2550 2824 mihi
2574 2768 2892 2842 responde:

1823 2876 1966 2945 (105)
2023 2876 2462 2931 Grammaticus
2514 2877 2788 2946 simplex,
2835 2878 3053 2934 nedum
3121 2878 3476 2938 dialecticus

3233 2968 3406 3040 [illex

1837 3073 2017 3129 Valde
2041 3073 2377 3129 recordaris
2403 3073 2735 3130 studiorum
2761 3088 2960 3143 pauca
2971 3076 3271 3144 priorum.

1890 3195 1992 3258 Tu,
2020 3191 2338 3260 Adalbero,
2372 3191 2475 3264 qui
2504 3193 2936 3262 grammaticus
2956 3196 3192 3250 tantum
3246 3211 3334 3262 es,
3365 3211 3478 3252 nec

1819 3279 2137 3336 dialecticae
2164 3279 2324 3346 leges
2354 3280 2530 3350 nosti,
2560 3296 2634 3336 ex
2657 3279 2750 3336 his
2779 3296 2915 3353 qua:
2949 3279 3094 3336 olim
3140 3281 3203 3338 in
3259 3282 3478 3340 scholis

1820 3368 2097 3437 didicisti,
2129 3368 2304 3424 valde
2331 3383 2528 3440 pauca
2557 3369 2916 3425 recordaris.
2947 3369 3238 3426 Posterior
3265 3387 3481 3429 versus

1821 3456 1899 3512 ab
1932 3456 2305 3512 Adalberone
2339 3456 2696 3513 emendatus
2721 3461 2811 3514 est
2838 3457 2920 3513 ita
2949 3474 2962 3512 :

1821 3561 1996 3613 Nunc
2023 3559 2143 3613 scio
2165 3558 2323 3628 quod
2337 3559 2568 3614 recolas
2591 3559 2946 3615 studiormm
2958 3574 3162 3630 pauca
3176 3562 3475 3630 priorum.

1891 3658 2329 3712 Grammaticus
2361 3658 2636 3729 simplex,
2669 3675 2754 3714 un
2782 3660 2996 3729 simple
3020 3663 3475 3732 grammaim’en,

1820 3746 2116 3817 hodieque
2147 3745 2322 3814 vulgo
2342 3745 2555 3800 dicitur
2582 3746 2764 3801 solius
2796 3749 3202 3816 grammatica
3231 3749 3478 3822 peritus,

1821 3834 1967 3890 nihil
1998 3839 2210 3906 praeter
2235 3834 2694 3904 grammaticam
2730 3836 2941 3892 sciens.
3003 3840 3164 3898 lllex
3217 3840 3483 3898 dialecti-

1821 3940 1944 3993 cus,
1972 3923 2068 3979 hic
2094 3922 2255 3978 idem
2277 3922 2444 3996 quod
2465 3923 2656 3992 exlex,
2687 3923 2899 3998 ἆνομος,
2950 3927 3056 4000 qui
3091 3927 3255 4002 leges
3303 3946 3481 4002 ηειι-

1819 4013 1985 4070 lasve
2009 4012 2334 4070 dialecticae
2371 4029 2494 4070 non
2521 4014 2705 4072 novit.

1821 4131 1969 4201 (106)
2003 4130 2118 4197 Qui
2138 4146 2398 4199 parvum
2427 4132 2713 4202 meminit,
2735 4148 2854 4188 non
2877 4133 3252 4191 obliviscitur
3270 4137 3478 4193 omnis.

1895 4247 2088 4303 Verba
2127 4250 2265 4302 sunt
2289 4245 2706 4318 Adalberonis,
2732 4249 3052 4306 asserentis
3084 4267 3146 4307 se
3191 4267 3314 4308 non
3355 4267 3484 4308 om-

1824 4336 1994 4391 nium
2025 4335 2359 4390 studiorum
2387 4336 2640 4392 oblitum
2671 4353 2820 4406 esse,
2870 4339 2974 4411 qui
3031 4343 3175 4396 teste
3225 4339 3484 4413 ipsomet

1830 4441 1967 4495 rege
2027 4423 2229 4496 aliqua
2273 4423 2492 4492 adhuc,
2556 4425 2786 4481 etiamsi
2849 4427 3114 4499 paucula
3181 4427 3484 4486 meminis-

1832 4518 1938 4569 set.
1969 4514 2162 4568 Parvi
2212 4517 2341 4567 tum
2389 4511 2744 4568 dicebantur
2788 4514 2894 4586 qui
2938 4515 3078 4570 olim
3097 4517 3298 4586 pauci.
3335 4517 3482 4576 Hinc

1830 4602 1890 4658 in
1958 4601 2300 4674 praefatione
2384 4599 2534 4670 legis
2623 4601 2824 4658 Salices
2898 4605 3050 4659 Gens
3119 4607 3481 4662 Francorum

1828 4705 2022 4760 parva
2048 4704 2295 4745 numero
2325 4687 2510 4744 fuisse
2534 4689 2751 4745 dicitur
2781 4707 2796 4757 ;
2824 4705 2934 4746 nec
2965 4690 3134 4747 aliter
3181 4708 3216 4748 a
3244 4692 3483 4764 Virgilio

1831 4778 2166 4851 apellantur
2181 4779 2388 4848 exigui
2406 4793 2673 4849 numero,
2695 4777 2799 4850 qui
2823 4794 3076 4835 numero
3097 4781 3272 4852 pauci
3293 4785 3480 4838 erant.

1830 4869 2137 4938 Exiguum
2167 4867 2327 4922 enim
2356 4871 2415 4922 et
2435 4883 2697 4936 parvum
2738 4867 3010 4937 ejusdem
3033 4885 3160 4924 esse
3190 4870 3486 4939 signiﬁca-

1833 4957 2007 5012 tionis
2034 4973 2213 5012 nemo
2239 4956 2445 5014 nescit.
2478 4960 2562 5012 Ita
2588 4961 2644 5012 et
2673 4957 2857 5012 Graeci
2895 4958 3252 5015 recentiores
3279 4968 3484 5034 μικροῖς

1831 5061 1940 5118 pro
1969 5044 2160 5115 ὸλιγοις
2202 5044 2424 5101 dixere.
2456 5044 2716 5116 Pyrrhus
2747 5043 2972 5117 quippe
2996 5045 3100 5118 qui
3127 5047 3345 5104 nostris
3373 5055 3489 5105 An-

1831 5134 2115 5190 tiochiam
2146 5133 2404 5200 tradidit,
2436 5149 2575 5189 cum
2602 5149 2831 5206 paucos
2861 5150 2924 5190 se
2956 5137 3213 5191 Francos
3242 5135 3320 5192 ad
3357 5153 3488 5196 rem

1830 5222 2280 5295 exsequendam
2329 5222 2549 5279 habere
2599 5226 2966 5295 quereretur,
3016 5223 3206 5280 dixit:
3259 5231 3487 5301 Μικροὺς

1832 5315 2088 5387 egeno-ag
2111 5316 2339 5384 εἴχομεν.
2372 5311 2549 5383 Apud
2578 5310 2948 5382 Gregorium,
2975 5312 3036 5367 in
3059 5312 3193 5369 libri
3222 5331 3320 5370 vm
3351 5332 3488 5389 cap.

1832 5404 1943 5456 30:
2003 5422 2030 5449 «
2058 5400 2251 5457 Satius
2303 5404 2394 5455 est
2435 5397 2596 5454 enim
2627 5404 2693 5455 ut
2732 5401 2916 5469 parvi
2963 5404 3351 5461 contumaces
3391 5420 3492 5478 pe-

1831 5492 2020 5550 reant,
2053 5505 2240 5560 quam
2270 5488 2356 5543 ira
2390 5486 2486 5542 Dei
2517 5503 2698 5559 super
2726 5504 2974 5545 omnem
3021 5490 3330 5561 regionem
3383 5493 3490 5550 de-

1832 5577 2093 5650 pendeat
2113 5577 2446 5633 innoxiam.
2479 5598 2508 5626 »
2537 5579 2603 5632 Et
2630 5577 2691 5634 in
2713 5577 2817 5633 lib.
2846 5595 2906 5634 1v
2955 5595 3091 5653 cap.
3125 5585 3230 5638 30:
3280 5583 3496 5652 Magni

1833 5668 1937 5723 tibi
1967 5672 2106 5722 tunc
2128 5667 2238 5722 viri
2266 5683 2341 5723 ex
2367 5666 2678 5723 Arvernis:
2704 5667 2764 5722 id
2789 5673 2901 5734 est,
2957 5671 3135 5742 pauci
3184 5675 3490 5728 contuma-

1831 5773 1948 5825 ces,
1975 5756 2147 5814 multi
2167 5756 2278 5812 viri
2311 5775 2327 5825 ;
2357 5757 2883 5829 quemadmodum
2907 5758 2973 5816 in
3009 5759 3173 5816 edita
3227 5758 3487 5829 Gregorii
