3892 6384
413 273 516 325 815

1428 261 1908 320 ADALBERONIS
1955 259 2263 318 EPISCOPI
2303 263 2790 320 LAUDUNENSIS

3776 268 3864 322 816

406 390 660 447 Historia
687 387 1206 459 legitur.Julianus
1227 386 1642 444 Toletanorum
1663 383 2051 458 archiepisco-
2087 396 2133 448 Α
2231 389 2299 442 Et
2325 387 2486 443 mala
2513 385 2870 460 prohibeant
2893 388 2952 442 et
2989 389 3210 456 vetent,
3271 385 3362 444 sic
3418 402 3638 461 supra
3693 404 3866 444 versu

405 496 523 554 pus
551 477 937 548 Argabadum
969 475 1367 532 Narbonensis
1407 475 1679 532 Ecclesiae
1730 473 2052 530 antistitem

406 567 633 624 inducit
658 565 936 632 Wambae,
968 563 1095 634 regi
1141 565 1485 631 Gothorum,
1539 564 1620 620 ita
1659 563 2003 636 loquentem
2036 579 2048 618 :

405 656 756 712 Parvissimi
781 653 1028 727 quidem
1049 652 1348 710 evasimus
1380 651 1648 724 gladium
1681 669 1694 720 ;
1720 651 1824 707 sed
1847 651 2051 720 parvis

403 744 640 800 veniam
669 743 1083 816 deprecamur.

405 851 546 922 (107)
574 852 725 920 Ejus
751 851 855 921 qui
881 850 1174 917 stimulat,
1215 849 1373 903 senio
1405 848 1590 903 nescis
1620 846 1940 902 reminisci.

473 941 645 996 Senio
672 941 877 1005 nescis,
911 938 1209 1010 episcope,
1235 938 1536 992 reminisci
1560 939 1686 1006 ejus
1711 935 1816 1006 qui
1853 941 1908 990 te
1952 935 2052 989 sli-

404 1029 619 1096 mulat,
647 1043 753 1082 seu
789 1043 910 1098 pree
945 1028 1244 1081 senectute
1270 1023 1454 1081 verba
1483 1039 1640 1090 mea,
1671 1021 1892 1095 quibus
1919 1025 2050 1076 tan-

405 1131 592 1188 quam
615 1114 728 1170 bos
753 1114 990 1169 stimulo
1020 1117 1276 1186 punctus
1306 1128 1388 1179 es,
1420 1110 1722 1168 reminisci
1779 1126 1902 1166 non
1947 1125 2053 1182 po-

405 1209 517 1276 tes,
547 1221 687 1260 cum
717 1208 770 1259 te
797 1220 914 1259 non
935 1219 1166 1268 san-um,
1214 1207 1267 1258 te
1329 1204 1654 1272 simplicem
1707 1201 2053 1272 grammati-

405 1311 538 1350 cum
564 1310 634 1350 ac
659 1295 1036 1349 dialecticum
1063 1294 1297 1362 illegem
1323 1291 1661 1348 vocaverim
1691 1295 1748 1346 et
1775 1290 1850 1345 de
1890 1291 2051 1360 prio-

403 1385 566 1439 ribus
590 1383 804 1438 studiis
825 1384 1189 1451 paucissima
1219 1381 1529 1438 recordari
1557 1379 1834 1436 dixerim.

401 1491 548 1561 (108)
578 1490 841 1560 Spiritus
871 1491 966 1546 hic
991 1494 1228 1546 resonat
1254 1502 1276 1558 ;
1305 1505 1422 1544 non
1453 1504 1544 1543 me
1581 1487 1875 1543 dementia
1927 1490 2046 1540 tor-

1799 1575 1974 1645 [quet.

470 1689 531 1740 In
563 1699 810 1757 corpore
841 1683 953 1738 isto
1021 1698 1157 1738 meo
1190 1687 1278 1738 est
1305 1687 1362 1738 et
1386 1698 1625 1737 mecum
1658 1678 1890 1736 habitat
1919 1675 2048 1733 ani-

399 1789 499 1829 ma
517 1773 764 1830 rationis
790 1788 1062 1845 compos,
1095 1772 1266 1843 cujus
1295 1771 1588 1826 beneficio
1619 1773 1673 1824 et
1711 1783 1895 1840 opera
1923 1766 2050 1835 tibi,

396 1879 518 1932 rex,
551 1863 784 1936 loquor.
809 1862 1042 1929 Anima,
1076 1861 1348 1934 inquam,
1373 1877 1507 1933 quae
1537 1859 1624 1916 vel
1647 1859 1778 1932 ipso
1810 1856 2050 1912 nomine

395 1957 674 2010 naturam
704 1968 877 2008 suam
899 1951 1124 2008 indicat
1148 1955 1327 2022 atque
1357 1954 1624 2006 testatur.
1647 1948 1864 2003 Anima
1892 1946 2052 2002 enim

395 2040 668 2113 spiritum
696 2043 1062 2110 ventumque
1077 2037 1597 2110 signiﬁcat.Nequc
1618 2052 1757 2092 vero
1781 2039 2052 2090 senectus

396 2127 653 2183 delirum
682 2143 800 2196 me,
833 2131 936 2182 aut
967 2142 1182 2198 parum
1205 2141 1366 2182 sanae
1395 2125 1628 2193 mentis,
1659 2125 2052 2180 devzzentemve

395 2215 676 2282 reddidit,
703 2214 786 2270 uti
816 2230 1000 2286 supra
1022 2213 1242 2270 dixisti.

397 2322 546 2394 (109)
575 2322 645 2378 Si
673 2327 897 2378 natura
923 2337 1125 2376 senum
1157 2321 1333 2392 cogit,
1366 2336 1483 2376 non
1515 2321 1728 2389 culpor
1752 2325 1940 2375 acute.

471 2426 528 2483 Si
557 2425 1076 2499 quemadmodum
1106 2425 1325 2495 dixisti,
1373 2441 1496 2493 rex,
1557 2441 1646 2492 ea,
1697 2429 1784 2480 est
1836 2427 2050 2480 natura

397 2515 713 2572 senectutis
736 2518 1012 2571 extremas
1042 2519 1107 2570 ut
1161 2514 1421 2570 insanire
1475 2519 1576 2570 aut
1641 2513 1850 2569 saltem
1903 2511 2048 2566 deli-

395 2621 528 2662 rare
557 2619 668 2660 nos
694 2607 888 2674 cogat,
923 2603 1077 2660 male
1100 2608 1155 2659 et
1178 2603 1302 2658 sine
1325 2619 1509 2658 causa
1535 2601 1746 2673 objicis
1785 2600 1928 2656 mihi
1960 2600 2046 2655 vi-

394 2693 543 2750 tium
572 2693 737 2766 quod
767 2693 982 2748 sitnon
1012 2707 1305 2765 personae,
1341 2692 1447 2747 sed
1497 2691 1722 2758 aetatis;
1782 2694 1839 2746 et
1884 2688 2050 2762 quod

394 2798 573 2839 senex
601 2797 732 2852 ego,
762 2781 994 2838 tametsi
1040 2781 1216 2837 valde
1246 2781 1424 2837 velim
1452 2786 1507 2836 et
1551 2780 1810 2854 cupiam,
1863 2779 2047 2834 vitare

391 2887 516 2928 non
539 2871 790 2944 possim.

393 2987 544 3057 (110)
569 2987 824 3042 Naturte
850 2987 1027 3054 ﬁnem
1055 3000 1171 3040 non
1196 2992 1432 3054 ponunt
1467 2991 1595 3040 arte
1628 2985 1811 3054 periti

391 3075 700 3143 Artiﬁcem
731 3075 972 3145 quidam
1005 3073 1214 3129 dicunt
1234 3074 1428 3142 ignem
1460 3075 1772 3142 sapientes.

461 3185 746 3238 Naturam
759 3180 1010 3254 quidam
1025 3181 1175 3236 artis
1184 3181 1368 3249 periti
1382 3180 1474 3235 vel
1491 3182 1806 3250 sapientes,
1824 3178 1937 3235 hoc
1955 3184 2039 3236 est

389 3270 759 3346 philosophi,
788 3269 879 3325 vel
905 3269 1099 3342 sophi,
1142 3267 1434 3325 deﬁniunt
1480 3271 1672 3340 ignem
1727 3270 2033 3338 artiﬁcem,

391 3360 493 3419 alii
543 3362 654 3416 Dei
705 3361 1090 3417 voluntatem.
1141 3360 1280 3425 Quae
1339 3364 1670 3432 sequuntur
1719 3359 2036 3416 divisiones

388 3449 814 3524 philosophica:
853 3449 926 3506 de
959 3448 1223 3517 naturis;
1255 3464 1390 3521 quae
1433 3447 1572 3504 item
1620 3449 1693 3506 de
1723 3465 2037 3520 argumen-

388 3539 606 3596 tatione
629 3538 794 3594 omni
823 3541 926 3595 aut
953 3536 1298 3594 necessaria
1323 3541 1426 3592 aut
1453 3537 1772 3610 probabili,
1815 3541 1871 3594 et
1898 3553 2034 3610 quae

385 3629 460 3686 de
509 3643 649 3685 vero
677 3627 945 3700 aliisque,
973 3642 1157 3700 opera
1182 3629 1386 3682 nostra
1410 3629 1467 3682 et
1494 3627 1860 3700 expositione
1910 3641 2034 3682 non

379 3716 668 3789 indigent.

455 3809 606 3878 (111)
643 3807 898 3873 Territa,
919 3810 1202 3861 naturam
1222 3808 1436 3875 vitans,
1467 3807 1688 3876 effatur
1715 3807 1923 3863 asella.

457 3895 660 3962 Asina,
691 3892 885 3964 angeli
915 3893 1182 3962 gladium
1211 3894 1475 3950 strictum
1522 3895 1865 3952 intentantis
1887 3911 2032 3950 con-

385 3987 594 4056 spectu
623 3981 842 4050 territa,
864 3981 1132 4038 inaudito
1161 3983 1434 4054 prodigio
1484 3983 1726 4040 Balaam
1783 3983 2031 4040 domino

383 4071 585 4128 locuta
615 4075 721 4127 est.

385 4161 530 4233 (112)
551 4161 790 4218 Fabula
819 4176 935 4217 non
955 4161 1180 4218 similat
1212 4176 1437 4230 verum,
1468 4177 1574 4217 nec
1621 4162 1844 4218 dicitur
1890 4178 2026 4219 esse.

451 4250 676 4308 Fabula
727 4250 851 4307 veri
901 4267 1022 4307 non
1075 4255 1164 4306 est
1221 4249 1451 4313 similis,
1493 4266 1603 4306 nec
1655 4267 1866 4308 verum
1922 4268 2028 4307 vo-

379 4345 548 4398 catur
595 4345 698 4398 aut
746 4339 1018 4396 habetur.
1076 4339 1167 4397 Sic
1225 4340 1385 4414 apud
1434 4339 1735 4396 Ardonem
1776 4340 1836 4397 in
1902 4341 2028 4398 Vita

377 4429 672 4486 Benedicti
705 4427 949 4486 Anianze
997 4428 1276 4497 abbatis;
1325 4444 1481 4502 saepe
1527 4428 1784 4486 similare
1837 4446 2027 4503 equus
2067 4449 2110 4503 ι)

377 4536 602 4592 equum
633 4517 796 4575 solet.
823 4517 1000 4591 Apud
1024 4517 1273 4574 Paulum
1297 4535 1310 4574 :
1334 4519 1522 4591 Equae
1550 4535 1698 4592 quas
1727 4521 2022 4576 similatis.

377 4637 460 4690 Ex
487 4637 753 4692 similare
781 4633 1030 4690 fecimus
1055 4633 1305 4692 sembler
1326 4638 1383 4692 et
1409 4637 1774 4694 ressembler.

373 4724 522 4796 (113)
575 4725 792 4782 Nomia
849 4723 1026 4778 nulla
1078 4739 1290 4794 meum,
1346 4739 1453 4782 nec
1499 4725 1736 4798 fabula,
1808 4725 2028 4782 mulcet

1645 4814 1948 4883 [amorem.

445 4929 682 4987 Naanias
712 4928 835 4985 sive
856 4927 1126 5000 ineptias,
1150 4932 1208 4986 et
1232 4928 1470 4986 fabulas
1490 4929 1612 4987 odi.

371 5047 516 5118 (114)
541 5048 692 5102 Jure
713 5044 1031 5112 salutifero
1051 5047 1340 5116 sapientes
1371 5051 1424 5102 et
1454 5045 1750 5102 moderati

369 5135 635 5190 Praemia
665 5135 759 5190 vel
777 5147 987 5202 plenas
1014 5141 1286 5205 quaerant
1313 5149 1339 5206 ;
1356 5135 1590 5190 ratione
1610 5139 1879 5204 potentes

368 5222 710 5291 Accipiunt,
744 5222 899 5292 aequi
922 5224 1010 5278 vel
1039 5224 1185 5296 quid
1203 5223 1530 5293 patiantur
1557 5223 1766 5294 iniqui.

443 5337 679 5394 Mutavit
696 5338 806 5394 hos
825 5338 976 5395 duos
997 5356 1205 5396 versus
1221 5356 1293 5394 ex
1319 5343 1485 5411 parte
1504 5339 1707 5413 aliqua
1721 5340 2016 5400 Adalbero

371 5442 511 5482 eum
531 5425 590 5481 in
621 5427 869 5483 modum
901 5446 914 5482 :

360 5541 610 5611 Legibus
638 5543 848 5608 edocti,
883 5541 1176 5610 sapientes
1204 5547 1258 5596 et
1286 5543 1579 5599 moderati

360 5631 620 5688 Praemia
651 5633 744 5688 vel
761 5643 976 5700 poenas
996 5637 1264 5698 quaerant
1291 5643 1313 5700 ,°
1352 5631 1586 5686 ratione
1610 5632 1795 5701 ﬁdeli,
1829 5637 1938 5689 etc.

367 5721 404 5774 ’t
426 5721 507 5788 isi)
535 5721 615 5776 Et
642 5719 810 5775 mala
837 5717 1186 5786 defendant,
1209 5718 1454 5774 veniunt
1479 5721 1846 5778 extrinsecus
1876 5722 2007 5778 illa.

2165 474 2263 526 179
2292 489 2305 527 :

2165 474 2263 526 179
2292 489 2305 527 :

2159 561 2319 630 quod
2336 562 2455 616 scio
2479 561 2808 632 defendunt
2847 579 2860 618 :
2885 563 3048 634 quod
3075 563 3292 630 nescio,
3328 563 3604 621 cedunt.
3879 459 3881 554 ‘

2159 649 2399 706 Mutavit
2425 654 2482 706 et
2507 651 2666 706 hunc
2695 666 2940 706 versum
2971 650 3271 708 Adalbero
3295 667 3372 708 eo
3399 653 3620 710 modo
3655 671 3673 710 :

2162 737 2301 804 Qua:
2328 741 2492 796 mala
2521 739 2870 808 dissoluant,
2903 756 3035 810 qua
3064 747 3204 796 sunt
3237 743 3655 800 extrinsecus
3708 750 3853 800 acta.

2158 827 2305 897 (H6)
2329 829 2598 884 Oratoris
2617 831 2765 885 inest
2794 830 2918 898 tibi,
2960 845 3090 899 rex,
3123 845 3407 888 concessa
3437 833 3772 902 facultas.

2158 915 2334 971 Nunc
2361 917 2772 988 demonstras;
2803 924 2926 974 tum
2949 918 3244 975 deliberat
3273 920 3430 975 ordo
3442 927 3800 991 potentum

2156 1005 2490 1062 Discutiens
2517 1007 2883 1077 afﬁrmative
2910 1023 3044 1063 cum
3076 1009 3374 1078 religiosis

2155 1093 2428 1162 Judiciis,
2458 1110 2494 1150 a
2521 1111 2635 1166 quo
2661 1097 2893 1165 possint
2931 1111 3024 1152 res
3054 1097 3342 1166 inﬁciari.

2227 1183 2357 1239 Tria
2383 1200 2703 1240 causarum
2753 1201 2974 1254 genera
3025 1185 3302 1257 designat
3356 1186 3724 1259 Adalbero,
3775 1191 3859 1247 de-

2157 1275 2632 1343 monstrativum,
2653 1291 2775 1347 quo
2799 1275 2932 1330 laus
2957 1279 3012 1330 et
3036 1275 3396 1348 vituperatio
3441 1279 3820 1336 continetur
3847 1300 3857 1340 :

2159 1360 2634 1432 deliberativum,
2706 1367 2763 1418 et
2807 1363 3150 1434 judiciale;
3226 1364 3439 1437 aitque
3502 1367 3858 1424 Robertum

2159 1453 2520 1507 Francorum
2550 1465 2772 1521 regem,
2803 1452 2908 1525 qui
2939 1458 3126 1509 artem
3147 1454 3488 1512 oratoriam
3547 1458 3748 1530 norit,
3805 1460 3856 1514 in

2158 1541 2552 1596 conventibus
2593 1542 2782 1611 gentis
2833 1542 3263 1614 demonstrare,
3313 1559 3457 1617 quae
3510 1548 3756 1619 probet
3809 1555 3858 1606 et

2157 1627 2432 1684 facienda
2460 1631 2683 1696 iudicet
2719 1647 2730 1684 :
2765 1635 2889 1686 tum
2921 1630 2995 1686 de
3033 1631 3127 1686 his
3151 1647 3442 1704 proceres
3469 1635 3854 1695 deliberare.

2093 1745 2132 1798 Β
2161 1719 2318 1774 Ordo
2336 1725 2666 1788 potentum,
2700 1725 2838 1776 sunt
2858 1719 3146 1794 episcopi,
3188 1721 3471 1791 abbates,
3529 1730 3598 1782 et
3629 1727 3855 1800 princi-

2157 1825 2284 1880 pes,
2313 1809 2704 1880 optimatesve
2737 1809 3072 1876 saeculares,
3101 1809 3392 1867 nimirum
3422 1811 3658 1882 duces,
3689 1833 3852 1872 mar-

2159 1898 2422 1967 chiones,
2455 1899 2720 1954 comites.
2753 1902 2885 1954 Post
2914 1898 3192 1956 ultimum
3220 1916 3477 1957 versum
3537 1907 3670 1960 tres
3725 1922 3849 1962 ver-

2160 2003 2262 2042 sus
2292 1987 2442 2042 erasi
2468 1987 2530 2042 in
2561 1987 2762 2043 codice
2787 1987 3221 2045 desiderantur.

2157 2077 2201 2146 (l
2221 2078 2302 2147 17)
2332 2077 2527 2133 Antea
2556 2093 2648 2133 res
2673 2079 2878 2148 quales
2917 2079 3105 2145 nobis,
3133 2080 3470 2137 translatio
3496 2085 3677 2154 ﬁnis,

2155 2166 2232 2220 Et
2255 2169 2612 2234 conjectura,
2642 2181 2756 2237 quo
2788 2167 3215 2223 discernantur
3233 2175 3500 2238 oportet.

2226 2258 2410 2309 Antea
2439 2259 2688 2325 aportet,
2714 2259 2777 2309 ut
2833 2255 3252 2311 discernantur
3307 2273 3347 2313 a
3391 2259 3592 2316 nobis
3646 2278 3851 2318 rerum

2154 2342 2430 2414 qualitas,
2461 2342 2788 2413 translatio,
2816 2343 2950 2399 ﬁnis
2973 2348 3028 2399 et
3057 2345 3443 2416 conjecturae.

2155 2435 2304 2498 (118)
2325 2433 2595 2499 Quatuor
2616 2432 2722 2487 has
2743 2448 2862 2488 non
2893 2435 3174 2505 invenies,
3187 2449 3338 2505 quas
3350 2435 3533 2494 hicce
3555 2443 3846 2512 requiris.

2227 2520 2602 2588 Qualitatem,
2636 2521 3105 2591 translationem,
3121 2522 3306 2580 ﬁnem
3335 2529 3394 2580 et
3418 2529 3841 2600 conjecturas.

2157 2609 2300 2679 (119)
2337 2611 2469 2666 Itite
2491 2610 2668 2678 pedes
2694 2612 2872 2679 posui
2895 2627 2920 2682 ,ο
2945 2617 3146 2682 surget
3177 2612 3320 2668 dum
3363 2614 3604 2685 ﬁgitur
3662 2621 3840 2676 alter.

2224 2697 2420 2768 Surgit
2443 2697 2588 2754 alter
2612 2699 2857 2770 pedum,
2881 2699 3028 2754 dum
3050 2699 3198 2756 alter
3225 2700 3454 2770 ﬁgitur.

2155 2805 2298 2875 (120)
2345 2807 2624 2862 Pandere
2671 2823 2810 2874 non,
2867 2809 3146 2877 moriens,
3214 2824 3321 2864 nos
3395 2809 3535 2869 haec
3611 2821 3846 2872 natura

2221 2988 2348 3040 Non
2371 2985 2498 3040 htBC
2529 3001 2639 3041 nos
2661 2985 2957 3058 capularis
2989 2990 3281 3056 senectus,
3305 2987 3406 3062 [et]
3454 2903 3844 3052 nigrai-iude-

2081 3095 2120 3150 ρ
2150 3072 2259 3129 lira
2285 3090 2581 3146 exponere
2608 3076 2816 3145 coegit.
2852 3075 2950 3130 Hic
2988 3091 3197 3131 versus
3251 3077 3684 3140 Adalberonis
3727 3101 3842 3142 res-

2146 3163 2372 3236 pondet
2395 3163 2533 3219 huic
2559 3164 2714 3233 regis
2738 3163 2813 3220 de
2839 3163 3217 3222 Adalberone
3246 3169 3455 3226 versui
3487 3187 3502 3226 :

2147 3268 2296 3324 Htec
2328 3272 2552 3322 natura
2581 3269 2893 3324 senectutis
2918 3268 3142 3326 dixisse
3159 3269 3493 3339 probatur.

2145 3357 2294 3427 (121)
2315 3357 2510 3427 Digne
2535 3359 2813 3419 tristaris,
2837 3359 2944 3430 qui
2970 3374 3083 3416 rex
3107 3361 3332 3416 servire
3350 3363 3641 3432 juberis.

2214 3464 2314 3520 Hic
2341 3463 2732 3521 Adalberonis
2761 3480 2966 3521 versus
3017 3465 3268 3523 refertur
3296 3467 3378 3524 ad
3438 3474 3839 3544 superiorem

2142 3552 2393 3609 alterum
2423 3553 2693 3625 ejusdem
2721 3569 2734 3608 :

2142 3661 2270 3715 Rex
2289 3664 2345 3716 et
2363 3661 2671 3729 pontiﬁces
2697 3661 2880 3716 servis
2909 3665 3132 3719 servire
3161 3662 3471 3720 videntur.

2141 3747 2284 3820 (122)
2303 3749 2570 3819 Regnum
2600 3750 2998 3819 Francorum,
3022 3766 3207 3822 reges,
3248 3751 3357 3808 sub
3385 3759 3683 3826 tempore
3731 3777 3839 3832 pa-

2138 3925 2456 3997 Subjugat,
2481 3932 2534 3982 et
2557 3943 2786 3997 semper
2809 3927 3054 3984 sublimi
3082 3929 3272 3998 pollet
3300 3847 3766 3990 honore.[trum

2211 4031 2565 4101 Clodoveus,
2596 4050 2698 4090 rex
2732 4037 3114 4104 Francorum,
3147 4052 3404 4106 regnum
3428 4039 3833 4103 Alamanno.

2137 4138 2274 4178 rum
2304 4121 2366 4178 in
2393 4126 2560 4196 parte
2579 4123 2929 4194 Germaniae,
2955 4139 3332 4198 regnumque
3355 4126 3834 4199 Visigothorum

2133 4209 2197 4265 in
2220 4210 2539 4283 Aquitania
2566 4211 2790 4280 evertit,
2837 4227 2907 4268 ac
2940 4229 3062 4268 suae
3084 4213 3295 4269 ditioni
3339 4213 3620 4286 subjecit
3650 4241 3666 4290 ;
3705 4225 3834 4296 ejus

2133 4299 2238 4355 ﬁlii
2263 4315 2386 4372 prae
2417 4301 2640 4356 czeteris
2669 4317 2853 4372 regna
2886 4302 3384 4372 Burgundionum
3439 4310 3502 4362 et
3527 4309 3836 4384 Turingo-

2137 4404 2292 4456 rum,
2325 4388 2645 4446 interfectis
2673 4389 2938 4461 regibus,
2968 4396 3362 4464 occuparunt.
3387 4395 3667 4456 Carolus
3701 4418 3830 4460 ma-

2139 4492 2293 4546 gnus
2318 4492 2571 4548 regnum
2605 4477 3140 4550 Longobardorum
3167 4479 3227 4534 in
3260 4478 3448 4551 Italia,
3493 4493 3703 4559 capto
3732 4495 3832 4548 De—

2135 4565 2353 4622 sidcrio
2380 4582 2539 4636 rege,
2572 4565 2844 4634 obtinuit,
2877 4570 2932 4622 et
2960 4583 3216 4637 regnum
3264 4570 3647 4632 Hunnorum
3683 4581 3833 4636 Ava-

2136 4670 2271 4710 rum
2319 4654 2380 4710 in
2440 4655 2771 4726 Pannonia,
2825 4657 3091 4713 Saxones
3143 4659 3384 4727 gentem
3463 4660 3828 4725 Germaniae

2131 4742 2566 4800 validissimam
2595 4748 2652 4800 et
2679 4743 3031 4813 maximam,
3081 4745 3386 4816 Bajoarios
3427 4747 3748 4828 rebelles,
3781 4763 3829 4814 et

2133 4830 2544 4890 Sclavinorum
2573 4849 2678 4890 seu
2702 4834 3077 4891 Venedorum
3093 4837 3371 4891 nationes
3391 4835 3650 4910 aliquot
3687 4845 3830 4902 sub-

2129 4921 2266 4992 egit.

2129 5008 2271 5082 (123)
2301 5008 2524 5082 Regum
2552 5017 2809 5082 sceptra,
2835 5017 3082 5082 patrum
3113 5013 3347 5068 nullius
3373 5021 3637 5084 sceptra
3663 5036 3829 5079 coer

3565 5122 3753 5167 cens.

2197 5191 2384 5259 Reges
2411 5190 2774 5246 Francorum
2810 5188 2958 5246 nulli
3011 5204 3286 5262 unquam
3335 5194 3610 5264 sceptro,
3669 5199 3825 5256 nulli

2126 5277 2293 5334 alteri
2317 5278 2442 5349 regi
2471 5283 2574 5336 aut
2595 5279 2941 5352 imperatori
2964 5278 3216 5350 subjecti
3242 5282 3381 5334 sunt
3413 5296 3426 5333 :
3467 5286 3666 5354 quod
3724 5307 3826 5347 ve-

2122 5383 2260 5422 rum
2271 5371 2330 5424 et
2343 5367 2636 5424 memoria
2663 5367 3084 5440 dignissimum
3102 5369 3210 5436 est,
3225 5371 3283 5424 et
3306 5367 3818 5435 observandum.

2123 5457 2270 5510 Eam
2297 5455 2357 5510 in
2379 5471 2504 5512 rem
2517 5456 2786 5513 notanda
2803 5460 2943 5512 sunt
2965 5456 3127 5530 apud
3144 5455 3593 5528 Flodoardum,
3615 5462 3700 5524 in
3721 5468 3820 5524 lib.

2121 5559 2196 5612 iv,
2229 5560 2360 5616 cap.
2386 5549 2438 5612 5,
2472 5545 2743 5602 Fulconis
2771 5546 3075 5602 Remensis
3105 5545 3552 5620 archiepiscopi
3587 5555 3689 5612 ad
3731 5564 3822 5613 Αιι-

2120 5633 2376 5702 nulfum,
2410 5651 2612 5707 regem
2642 5635 3164 5692 Transrhenanum
3192 5635 3400 5705 verba,
3447 5652 3603 5710 quae
3679 5648 3818 5704 talja

2121 5726 2259 5779 sunt
2287 5741 2300 5777 :
2335 5745 2362 5773 «
2396 5726 2474 5781 De
2504 5741 2575 5782 eo
2593 5739 2837 5798 quoque
2852 5724 3019 5798 quod
3035 5724 3161 5781 sine
3180 5723 3370 5797 ipsius
3389 5728 3654 5790 Amulli
3679 5753 3818 5796 cono
