3980 6374
76 277 188 330 817

1053 275 1335 330 CARMEN
1374 276 1468 328 AD
1508 272 1881 328 ROBERTUM
1920 273 2172 328 REGEM.
2216 304 2283 312 —
2324 274 2546 330 NOTE.

3419 275 3522 330 818

77 397 218 452 silio
248 396 738 469 prmsumpserint
769 397 1269 468 agere(Carol-um
1296 414 1491 469 regem
1518 398 1742 468 facere)
1784 399 1825 452 Α
1860 396 2152 468 dinesque
2183 413 2373 452 novas
2403 397 2630 470 populo
2677 413 2801 452 non
2854 397 3164 468 indigeret,
3215 413 3410 470 neque
3437 400 3523 456 ul-

73 503 317 542 morem
351 490 714 543 Francorum
747 487 937 556 gentis
969 488 1185 544 asserit
1215 494 1448 544 secutos
1487 504 1549 543 se
1598 486 1744 542 fuis-

75 591 166 644 se,
199 592 460 648 quorum
491 592 622 630 mos
649 591 887 648 semper
914 576 1088 632 fuerit
1116 581 1198 644 ut,
1231 595 1369 648 rege
1400 577 1744 643 decedente,

74 665 270 720 alium
300 665 376 722 de
402 665 557 735 regis
587 666 766 738 stirpe
787 666 881 722 vel
899 668 1294 735 successione,
1325 669 1450 723 sine
1475 671 1747 740 respectu

72 753 174 809 vel
199 754 657 825 interrogatione
708 756 1069 828 cujusquam
1122 757 1370 828 majoris
1413 762 1516 813 aut
1542 762 1748 829 poten-

74 842 248 898 tioris
280 844 434 911 regis
466 843 767 912 eligerent.
816 867 842 893 ››

73 952 236 1024 (124)
278 954 504 1024 Quique
553 957 726 1023 regit,
779 955 1050 1025 gaudens
1110 955 1429 1010 virtutibus
1492 956 1750 1024 imperat

1493 1061 1674 1100 ('eaue.

1493 1061 1540 1100 az
1586 1061 1674 1099 ue.

155 1134 222 1186 Et
251 1131 357 1203 qui
396 1147 651 1199 regnum
709 1131 855 1187 illud
909 1135 1271 1188 Francorum
1319 1046 1487 1203 regitE
1544 1063 1749 1188 illiultis

70 1220 442 1293 magnisque
463 1221 776 1276 virtutibus
795 1222 1077 1294 praeditus
1094 1228 1276 1290 est,ac
1299 1223 1450 1278 bene
1464 1224 1748 1295 justeque

71 1311 357 1382 imperat.
393 1313 524 1365 Haec
551 1309 625 1365 de
654 1310 908 1367 Roberto
937 1311 1072 1384 ipso
1106 1328 1243 1382 rege
1278 1316 1639 1369 Francorum
1671 1312 1748 1368 ab

71 1397 457 1455 Adalberone
483 1399 782 1455 dicuntur.

71 1510 234 1574 (125)
273 1507 558 1563 Nouimus
576 1509 893 1576 imperium
909 1511 1042 1577 jam
1061 1510 1428 1580 regibusesse
1445 1511 1744 1579 fugatum.

153 1614 390 1670 Scimus
419 1615 807 1687 imperatores
839 1633 873 1671 a
903 1615 1144 1685 regibus
1176 1620 1538 1672 Francorum
1564 1617 1624 1672 in
1655 1616 1746 1672 fu-

74 1719 227 1773 gam
259 1705 560 1774 conjectos
586 1709 641 1760 et
665 1703 884 1759 ﬁnibus
917 1706 1038 1760 suis
1070 1706 1352 1778 expulsos
1385 1723 1535 1761 esse.
1573 1706 1748 1761 Nimi-

71 1811 219 1850 rum
274 1809 435 1850 anno
479 1798 580 1849 978
625 1795 950 1861 Lotharius,
1011 1799 1375 1851 Francorum
1419 1813 1541 1862 rex,
1580 1797 1746 1851 Metis

72 1884 356 1955 receptis,
387 1899 527 1938 cum
557 1899 782 1953 magno
809 1885 1066 1940 exercitu
1096 1885 1169 1940 de
1192 1885 1516 1958 improviso
1549 1902 1750 1959 super-

71 1972 350 2042 veniens,
379 1972 800 2045 imperatorem
834 1975 1109 2029 Ottonem
1147 1974 1449 2029 Juniorem
1481 1991 1553 2028 ex
1581 1974 1747 2046 pala-

73 2063 158 2119 tio
193 2061 556 2134 Aquisgrani
587 2078 708 2118 una
735 2078 872 2117 cum
905 2063 1158 2132 conjuge
1188 2062 1506 2135 profugere
1534 2064 1745 2131 coegit.

76 2154 277 2217 Quem
323 2151 536 2207 eodem
568 2167 728 2207 anno
773 2168 910 2206 cum
943 2152 1250 2221 sexaginta
1292 2152 1554 2208 millibus
1594 2151 1750 2207 mili-

73 2246 205 2297 tum
242 2241 552 2296 Franciam
601 2240 959 2310 ingressum,
1019 2247 1075 2296 et
1125 2246 1466 2304 Remorum,
1517 2242 1749 2297 Laudu-

74 2329 365 2385 nensium
397 2345 466 2385 ac
495 2330 886 2385 Suessionum
906 2330 1066 2401 agris
1082 2331 1591 2397 vastatis,l.utetiie
1610 2332 1748 2386 sub-

74 2421 386 2476 urbanum
436 2419 751 2475 incendere
810 2437 1049 2486 ausum,
1083 2437 1206 2492 rex,
1246 2423 1494 2489 Hugone
1534 2420 1747 2476 comite

75 2509 440 2566 Parisiorum
472 2513 529 2564 et
557 2510 808 2565 Henrico
839 2510 990 2565 duce
1026 2509 1748 2580 Burgundionum,maxi-

74 2600 320 2672 misque
367 2599 554 2670 copiis
582 2599 787 2666 fretus,
839 2599 1044 2668 fugere
1077 2600 1385 2672 compulit,
1417 2617 1526 2655 nec
1554 2615 1748 2671 usque

73 2689 153 2745 ad
186 2691 465 2744 Axonam
498 2688 682 2744 modo
743 2689 1207 2754 Sucssionicum,
1259 2689 1362 2744 ubi
1405 2689 1647 2762 plurimi
1691 2689 1747 2744 vi

73 2776 346 2832 fluminis
375 2777 651 2849 oppressi
683 2777 1004 2849 perierunt,
1066 2779 1170 2832 sed
1215 2777 1392 2832 etiam
1443 2794 1637 2850 usque
1669 2777 1748 2833 ad

73 2867 313 2922 Mosam
342 2864 615 2937 ﬁnesque
641 2865 809 2935 regni
839 2866 1103 2921 Francici
1137 2866 1332 2922 triduo
1375 2870 1432 2921 et
1475 2866 1748 2921 trinoctio

76 2955 506 3026 imperatorem
539 2958 628 3010 est
651 2955 980 3024 insecutus,
1041 2959 1104 3010 ut
1147 2955 1544 3021 Hermannus,
1587 2954 1746 3024 Sige-

74 3044 306 3111 bertus,
353 3042 699 3099 Guillelmus
743 3043 1167 3113 Nangiacensis
1219 3043 1536 3116 creterique
1580 3045 1750 3100 chro-

1857 485 1978 541 1am
2006 502 2230 542 novam
2263 487 2701 542 ordinationem
2731 503 2868 559 quae
2896 487 3214 558 pertineret
3268 487 3346 543 ad
3392 504 3526 562 spo-

1858 575 2023 631 lium.
2064 600 2090 625 ››
2123 578 2188 632 Et
2227 576 2624 645 Leodegarius
2680 575 3240 645 Augustodunensis
3297 578 3523 650 episco-

1859 681 1972 737 pus
2007 666 2413 722 Childericum
2447 665 2841 720 monareham
2890 667 3250 720 Francorum
3295 668 3522 736 arguit,

1857 755 2023 826 quod
2052 757 2204 824 leges
2235 762 2289 810 et
2317 757 2768 811 consuetudines
2796 755 3049 823 patrias,
3098 769 3245 824 quas
3286 771 3523 811 conser-

1863 860 2002 900 vare
2026 852 2416 914 prwceperat,
2454 852 2573 900 tam
2603 845 2796 900 subito
2850 846 3234 899 immutasset.
3276 845 3523 900 Carolus

1860 951 2102 1006 quoque
2162 935 2372 990 Calvus
2423 951 2583 989 anno
2637 937 2760 1000 869,
2815 933 2972 989 Metis
3022 934 3408 989 coronandus
3462 935 3522 990 in

1859 1022 2108 1078 ecclesia
2142 1023 2338 1078 Sancti
2390 1022 2692 1095 Stephani,
2755 1025 2982 1077 cunctis
3035 1023 3522 1078 Lothariensibus

1857 1112 1962 1184 qui
1991 1112 2242 1168 aderant
2271 1113 2640 1168 denuntiavit
2662 1129 2723 1166 se
2751 1113 3074 1184 unicuique
3101 1129 3346 1168 suorum
3379 1113 3526 1168 fide-

1857 1201 2003 1256 lium
2035 1201 2094 1256 in
2127 1219 2236 1257 suo
2281 1203 2510 1271 ordine,
2564 1201 2898 1256 secundum
2950 1202 3062 1256 sibi
3118 1206 3522 1274 competentes

1857 1289 2038 1357 leges,
2073 1294 2195 1345 tam
2225 1290 2655 1345 ecclesiasticas
2686 1305 2872 1361 quam
2916 1290 3278 1355 mundanas,
3326 1291 3522 1359 legem

1860 1383 1914 1434 et
1939 1379 2229 1449 justitiam
2261 1385 2779 1446 conservaturum,
2811 1379 3088 1434 Ludovici
3128 1380 3256 1449 ejus
3284 1378 3387 1433 filii
3413 1396 3521 1434 an-

1859 1484 1938 1523 no
1966 1471 2064 1523 877
2094 1468 2155 1522 in
2173 1468 2396 1540 palatio
2429 1468 2798 1540 Compendio
2823 1468 3173 1534 coronandi,
3203 1467 3520 1540 promissio

1859 1558 1936 1614 ad
1961 1557 2278 1630 episcopos
2310 1557 2439 1613 talis
2466 1563 2552 1612 est
2581 1575 2593 1612 :
2629 1580 2654 1605 ‹‹
2691 1557 2968 1612 Promitto
3018 1561 3075 1612 et
3120 1556 3390 1628 perdono
3421 1574 3522 1610 vo-

1858 1647 1949 1702 bis
1993 1646 2137 1719 quia
2192 1647 2511 1718 unicuique
2567 1647 2641 1702 de
2691 1646 2884 1715 vobis,
2935 1651 2990 1701 et
3041 1646 3312 1700 Ecclesiis
3350 1646 3521 1701 vobis

1791 1766 1829 1818 Β
1861 1737 2195 1792 commissis
2227 1737 2584 1791 canonicum
2617 1735 3016 1808 privilegium,
3057 1739 3113 1790 et
3141 1733 3407 1789 debitam
3442 1734 3521 1788 le-

1860 1845 1996 1897 gem
2023 1831 2201 1898 atque
2225 1827 2518 1897 justitiam
2545 1826 2921 1881 conservabo
2976 1831 3031 1881 et
3083 1824 3516 1894 defensionem,

1857 1922 2149 1990 quantum
2185 1922 2453 1988 potuero,
2486 1916 2806 1986 adjuvante
2837 1914 3112 1986 Domino,
3145 1914 3462 1970 exhibebo.
3492 1939 3518 1964 »

1860 2005 2144 2061 Eamdem
2172 2005 2233 2059 in
2260 2004 2449 2060 tribus
2480 2003 2787 2059 codicibus
2818 2003 3113 2058 veteribus
3157 2018 3370 2072 regum
3418 2018 3522 2057 no-

1859 2099 2117 2150 strorum
2147 2093 2600 2166 responsionem
2632 2091 2710 2148 ad
2741 2092 3054 2164 episcopos
3076 2091 3520 2163 reperi.Eadem

1858 2183 2206 2255 eisdemque
2233 2181 2430 2236 verbis
2460 2185 2751 2252 concepta
2779 2186 2864 2236 est
2892 2181 3167 2250 Philippi
3192 2179 3520 2252 septennis,

1859 2289 1997 2327 mox
2031 2271 2211 2326 futuri
2237 2272 2391 2339 regis
2420 2273 2820 2338 Francorum,
2845 2285 3006 2324 anno
3040 2269 3270 2336 1039,in
3293 2269 3522 2339 majore

1860 2362 2116 2418 Ecclesia
2149 2365 2468 2417 Remorum
2500 2360 2792 2433 professio
2823 2377 2836 2427 ;
2886 2359 2989 2432 qui
3020 2363 3076 2414 et
3103 2359 3272 2415 addit
3294 2358 3522 2430 populo

1858 2452 1969 2506 sibi
2000 2451 2222 2506 credito
2250 2467 2310 2505 se
2337 2449 2848 2522 dispensationem
2879 2449 3081 2518 legum
3120 2450 3180 2503 in
3235 2463 3344 2502 suo
3386 2448 3521 2518 jure

1858 2541 2279 2596 consistentem
2341 2556 2450 2595 sua
2505 2538 2850 2594 auctoritate
2909 2554 3357 2601 concessurum,
3405 2537 3520 2591 hoc

1858 2634 1962 2695 est,
2005 2633 2069 2684 ut
2105 2630 2262 2683 Boso
2313 2643 2414 2682 rex
2456 2627 2803 2696 designatus
2857 2626 2955 2692 ait,
3000 2626 3270 2680 omnibus
3332 2626 3516 2694 legem

1858 2720 2149 2787 iustitiam
2177 2724 2231 2773 et
2254 2724 2480 2774 rectum
2512 2716 3005 2772 mundiburdium
3054 2720 3434 2770 servaturum
3463 2718 3533 2782 et,

1858 2810 2286 2877 impensarum.

1859 2937 2008 3005 (128)
2049 2937 2173 2990 Lex
2194 2934 2400 2990 divina
2431 2938 2756 3004 vetat,qua2
2784 2930 3033 2999 corrigit
3053 2931 3210 2984 inter
3236 2934 3520 3000 utrasque

1860 3061 2018 3117 Alias
2050 3061 2263 3128 legitur
2294 3057 2762 3132 superscriptum
2793 3075 2806 3112 :
2849 3057 2976 3112 Lex
3006 3061 3088 3110 est
3119 3069 3241 3110 una
3268 3059 3472 3110 vetans
3497 3069 3522 3124 ;

74 3132 380 3206 nographi
435 3133 696 3188 tradunt.
761 3133 869 3189 Sed
917 3138 974 3189 et
1031 3149 1193 3189 anno
1247 3138 1381 3188 1006
1431 3134 1747 3190 Botbertus
1790 3120 1828 3176 ί)
1860 3152 2062 3208 minus
2081 3120 2254 3206 bima

77 3223 231 3296 ipse,
266 3225 632 3278 Francorum
660 3239 784 3291 rex,
832 3222 1126 3279 Richardo
1177 3227 1219 3278 ll
1264 3227 1749 3280 Normannorum

79 3312 230 3367 duce
253 3311 596 3377 comitatus,
631 3311 949 3367 Henricum
993 3311 1418 3384 imperatorem
1464 3312 1543 3368 ab
1591 3312 1750 3368 obsi-

80 3400 256 3456 dione
314 3399 800 3455 Valentianorum
855 3400 1134 3464 excussit,
1178 3401 1340 3472 quod
1373 3405 1655 3467 castrum,
1689 3401 1749 3456 in

81 3488 340 3545 conﬁnio
370 3491 740 3544 Francorum
770 3494 827 3546 et
872 3489 1327 3546 Lotharensium
1375 3490 1573 3557 situm,
1624 3489 1750 3545 Bal-

81 3578 301 3634 duinus
329 3577 781 3635 Flandrensium
814 3595 1019 3634 comes
1052 3579 1368 3635 invaserat.

81 3687 225 3756 (1'26)
270 3687 483 3744 Gratia
507 3702 669 3744 nunc
705 3703 952 3756 summo,
987 3703 1098 3757 per
1149 3703 1320 3760 quem
1366 3703 1624 3758 regnare
1649 3703 1745 3757 pe-

1404 3778 1614 3847 [r0pto.

77 3865 211 3922 Non
237 3865 465 3921 meritis
491 3865 745 3922 concedo
774 3866 936 3930 meis,
970 3870 1078 3921 etc.

147 3973 378 4031 Gratias
402 3989 519 4044 ago
551 3976 688 4041 Deo,
717 3973 823 4046 qui
848 3990 945 4029 me
976 3989 1174 4044 regem
1209 3973 1365 4041 fecit,
1416 3990 1524 4046 per
1563 3989 1747 4046 quem

79 4064 234 4132 vivo,
263 4080 371 4136 per
399 4079 582 4136 quem
614 4079 820 4132 regno.
856 4067 1056 4137 Neque
1086 4063 1244 4119 enim
1295 4064 1520 4120 meritis
1578 4064 1746 4132 meis,

80 4170 212 4226 quae
244 4152 413 4208 nulla
441 4158 580 4208 sunt
609 4157 711 4208 aut
741 4153 979 4223 exigua,
1015 4158 1245 4209 tantum
1294 4153 1514 4223 tribuo,
1566 4158 1630 4209 ut
1659 4170 1749 4208 re-

82 4259 270 4312 gnum
302 4242 385 4297 eis
416 4242 634 4297 debere
667 4259 760 4298 me
795 4248 1019 4315 putem.
1056 4244 1188 4296 Haec
1222 4243 1408 4298 verba
1440 4247 1581 4299 sunt
1608 4243 1749 4315 piis-

84 4332 215 4388 simi
247 4332 404 4402 regis
453 4347 523 4387 ac
577 4332 1015 4388 demississime
1068 4333 1141 4388 de
1167 4348 1229 4387 se
1253 4333 1557 4389 sentientis
1617 4335 1751 4387 Rot-

81 4421 251 4492 berti,
279 4423 384 4494 qui
414 4422 490 4478 ab
519 4421 804 4492 Helgaldo
840 4427 1156 4494 propterea
1203 4439 1312 4479 rex
1359 4425 1623 4489 humilis,
1657 4423 1746 4477 in-

1861 3263 2010 3331 (1’29)
2056 3261 2208 3317 Utile
2237 3273 2484 3330 quaeque
2508 3257 2906 3313 necessarium
2934 3255 3213 3323 conferre
3235 3252 3472 3309 videtur
3499 3269 3523 3310 .'

1934 3389 2076 3452 Quae
2103 3384 2242 3440 utile
2274 3388 2454 3456 atque
2483 3380 2892 3439 necessarium
2921 3379 3157 3435 videtur
3187 3378 3475 3434 conferre.

1860 3497 2009 3565 (130)
2047 3493 2146 3548 Ad
2174 3508 2266 3546 res
2283 3491 2584 3559 pertineat
2608 3491 2819 3558 plures
2847 3502 2978 3557 quae
3007 3500 3238 3554 semper
3259 3486 3519 3556 honeste,

1858 3583 2100 3638 Fortior
2127 3587 2180 3636 et
2209 3592 2618 3650 quaecuunque
2647 3577 3006 3648 gravissima
3037 3575 3134 3643 sit,
3170 3579 3472 3630 teneamus
3498 3587 3523 3628 .·

1931 3693 2075 3744 Eam
2101 3687 2295 3756 legem
2324 3703 2459 3758 quae
2490 3684 2568 3740 ad
2589 3683 2766 3756 plura
2795 3682 3105 3756 pertineat,
3139 3685 3194 3738 et
3219 3679 3424 3736 fortior
3449 3695 3519 3737 ac

1859 3779 2094 3850 gravior
2120 3777 2210 3845 sit,
2239 3775 2489 3831 honeste
2519 3789 2760 3846 semper
2781 3777 3111 3828 teneamus.

1858 3903 2008 3975 (131)
2054 3902 2326 3973 Undique
2347 3916 2479 3970 pax
2511 3901 2664 3956 bona
2700 3904 2838 3969 post
2895 3897 3224 3954 certamina
3271 3900 3523 3965 postque

3142 3985 3398 4056 [labores
3431 4001 3445 4040 :

1857 4082 1934 4136 Et
1961 4086 2151 4137 status
2177 4079 2459 4135 Ecclesia:
2481 4095 2592 4148 per
2619 4093 2679 4133 se
2698 4092 2805 4133 sua
2825 4079 2978 4145 jura
3010 4074 3244 4131 tenebit.

1931 4207 2107 4278 Optat
2135 4203 2437 4275 Adalbero,
2455 4218 2670 4274 pacem
2722 4215 2908 4271 regno
2957 4200 3329 4255 Francorum
3386 4199 3522 4267 post

1857 4295 2015 4350 bella
2040 4293 2232 4349 civilia
2258 4298 2313 4348 et
2339 4291 2565 4364 praelia,
2600 4296 2664 4346 ut
2695 4289 2952 4345 Ecclesia
2981 4287 3065 4344 ibi
3096 4287 3386 4356 ﬂoreat,et
3409 4300 3520 4341 sua

1861 4385 1974 4440 sibi
1991 4385 2128 4455 jura
2160 4398 2394 4438 servare
2417 4381 2625 4453 possit.

83 4482 319 4566 tardum
344 4515 402 4566 et
427 4482 799 4567 humillimus
823 4482 1178 4583 appellatur.
1221 4511 1384 4567 Unde
1420 4482 1745 4567 Adalbero-
1789 4482 1828 4534 υ

1932 4492 2002 4563 r2)
2045 4490 2410 4558 Descriptus,
2439 4493 2494 4544 et
2521 4503 2639 4542 non
2666 4487 2822 4543 alias
2851 4485 3191 4554 respublica
3223 4483 3375 4550 leges

82 4615 220 4657 nem
252 4600 327 4656 de
356 4599 552 4656 forma
582 4605 639 4657 et
667 4601 882 4656 virtute
913 4617 1028 4657 sua
1055 4601 1229 4674 plura
1250 4601 1445 4658 dicere
1472 4601 1749 4674 prohibet

87 4705 270 4763 supra
305 4708 318 4745 :

85 4780 166 4836 De
192 4781 397 4850 forma
430 4781 574 4835 satis
605 4785 687 4836 est
719 4785 772 4835 et
803 4780 876 4835 de
901 4781 1122 4836 virtute
1154 4781 1437 4835 locutum.

152 4867 325 4934 Quod
339 4867 628 4940 loquendi
646 4883 836 4937 genus
853 4867 1281 4924 Gallo-Francis
1303 4869 1522 4923 nostris
1548 4868 1751 4941 hodie-

86 4971 200 5027 que
230 4957 293 5010 in
324 4972 443 5010 usu
472 4959 580 5012 est.
613 4956 762 5012 C'est
795 4971 954 5012 assez
978 4957 1160 5025 parle'
1181 4957 1252 5011 de
1282 4958 1430 5013 cela.
1468 4960 1610 5013 Item
1637 4957 1744 5013 ait:

85 5045 248 5100 Scire
277 5061 470 5101 meum
503 5046 660 5101 nihil
679 5052 764 5101 est
793 5062 814 5101 .'
844 5061 1075 5114 semper
1101 5046 1204 5100 sed
1232 5047 1494 5102 numinis
1525 5048 1691 5103 almi.

87 5134 232 5205 (t27)
279 5135 351 5190 Ut
381 5135 548 5190 nobis
583 5136 758 5192 liceat
792 5137 947 5205 leges
972 5151 1213 5191 servare
1236 5141 1548 5204 paternas.

164 5223 354 5280 Flexis
387 5223 640 5292 genibus
672 5224 927 5297 supplex
955 5227 1142 5279 Deum
1174 5241 1410 5297 semper
1439 5242 1565 5293 oro,
1599 5227 1750 5295 leges

88 5318 151 5367 ut
179 5315 415 5382 patrias
465 5328 707 5370 servare
755 5314 1008 5386 possim,
1060 5318 1120 5370 et
1158 5313 1234 5370 ab
1279 5315 1563 5370 omnibus
1606 5333 1751 5371 meae

88 5400 293 5458 ditioni
324 5401 579 5458 subditis
611 5404 938 5460 servandas
978 5421 1205 5472 curem,
1255 5421 1366 5461 nec
1412 5405 1490 5461 ab
1536 5405 1618 5462 eis
1649 5423 1755 5461 un-

89 5506 270 5562 quam
301 5492 601 5560 recedam,
631 5493 950 5567 reccdique
980 5495 1196 5568 patiar,
1228 5495 1420 5568 inquit
1450 5496 1755 5569 rex.Apud

92 5581 456 5650 Gregorium,
507 5582 609 5638 lib.
665 5600 745 5652 Ix,
796 5600 928 5656 cap.
991 5589 1059 5640 3O
1106 5603 1117 5640 :
1164 5608 1191 5633 «
1229 5586 1574 5642 Chariberto
1632 5586 1758 5657 regi

90 5670 348 5741 populus
388 5671 715 5726 Turonicus
763 5679 1207 5729 sacramentum
1261 5675 1444 5743 dedit,
1492 5675 1758 5730 similiter

95 5762 147 5813 et
168 5758 260 5815 ille
290 5775 432 5815 cum
457 5760 802 5830 juramento
827 5762 1102 5833 promisit
1129 5767 1195 5820 ut
1230 5763 1392 5833 leges
1443 5769 1757 5821 consuetu-

1859 4580 2234 4637 Possideat...

1933 4687 2203 4744 Habeant
2234 4701 2373 4740 suas
2408 4683 2520 4738 sibi
2549 4682 2709 4752 leges
2741 4679 3075 4752 descriptas
3105 4677 3335 4745 Franci,
3390 4693 3521 4734 eas-

1857 4795 1994 4851 que,
2025 4781 2081 4833 et
2109 4775 2304 4831 nullas
2339 4773 2482 4831 alias
2515 4775 2765 4828 servent.
2794 4772 3125 4839 Descripta:
3164 4767 3255 4824 vel
3287 4767 3521 4839 scriptae

1861 4871 2013 4938 leges
2046 4872 2185 4922 sunt
2217 4868 2330 4920 Lex
2362 4867 2632 4920 Romana
2680 4863 2779 4933 (ita
2826 4859 3028 4916 Codex
3070 4857 3523 4914 Theodosianus

1857 4957 2212 5027 vocabltur),
2246 4958 2360 5010 Lex
2395 4953 2586 5011 Salica
2618 4969 2757 5008 cum
2789 4948 3070 5023 Capitulis
3088 4946 3278 5004 Caroli
3305 4947 3518 5017 Magni,

1859 5047 2108 5118 ejusque
2138 5043 2242 5099 ﬁlii
2271 5048 2327 5098 et
2356 5041 2588 5114 nepotis
2620 5039 2832 5110 Caroli,
2887 5055 2956 5093 ac
3002 5040 3119 5092 Lex
3158 5034 3527 5106 Burgundio-

1859 5134 2111 5189 dionum
2142 5133 2203 5188 in
2228 5148 2414 5200 regno
2445 5128 2904 5187 occidentalium
2937 5129 3322 5192 Francorum,
3356 5124 3525 5197 quod

1858 5229 1987 5280 tum
2011 5221 2396 5296 Aquitaniam
2426 5226 2482 5276 et
2510 5237 2582 5275 ex
2612 5223 2780 5292 parte
2807 5215 3216 5287 Burgundiam
3263 5215 3524 5271 contine-

1861 5311 2257 5369 bat.Ecclesia
2286 5327 2409 5383 prae
2433 5309 2656 5366 caeteris
2689 5312 2838 5379 Lege
2868 5311 3279 5376 Romana,seu
3309 5304 3524 5362 Codice

1861 5402 2302 5469 Theodosiano,
2333 5400 2654 5470 regebatur
2679 5418 2691 5465 ;
2725 5397 2873 5454 Galli
2901 5413 3167 5470 quoque,
3185 5395 3395 5451 Franci
3421 5393 3528 5452 lai-

1863 5493 1915 5548 ci
1947 5495 2096 5560 Legc
2129 5490 2320 5547 Salica
2349 5493 2404 5546 et
2435 5488 2719 5562 Capitulis
2749 5488 2802 5543 ei
2841 5486 3059 5543 additis
3085 5485 3163 5541 ab
3206 5485 3528 5558 imperato-

1863 5583 2029 5639 ribus
2059 5581 2275 5638 nostris
2323 5580 2681 5648 utebantur;
2744 5577 3200 5649 Burgundiones
3248 5576 3370 5631 suis
3419 5591 3528 5631 seu

1866 5670 2225 5728 Gundobadi
2273 5669 2527 5741 legibus.
2583 5672 2764 5739 Leges
2816 5673 3018 5724 autem
3070 5666 3222 5734 aliae,
3271 5681 3375 5719 seu
3403 5679 3528 5718 non

1871 5762 2125 5835 scriptis,
2170 5765 2459 5818 vocantur
2501 5759 2578 5816 ab
2627 5757 3004 5815 Adalberone
3052 5753 3523 5816 consuetudines,
