3980 6416
415 276 524 332 MO

1376 266 1445 320 IN
1484 253 1987 317 ADALBERONIS
2025 249 2344 307 EPISCOPI
2380 247 2895 306 LAUDUNENSIS.

3756 245 3861 300 810

416 413 573 471 quas
598 398 731 451 tum
757 391 940 449 variis
985 390 1048 448 in
1098 389 1357 446 Francise
1386 385 1682 461 partibus,
1732 378 1912 437 variis
1965 374 2078 431 sub
2112 378 2163 432 Α
2194 375 2513 445 Linquere,
2539 375 2643 431 sed
2673 375 2807 429 totis
2837 386 3067 441 semper
3092 385 3151 426 se
3180 369 3408 425 nisibus
3438 373 3646 437 aptet:

418 483 740 545 comitibus
765 486 823 539 et
851 480 1132 547 ducibus,
1163 479 1433 535 diversas
1464 473 1812 540 invaluisse,
1861 473 1920 525 et
1944 482 2081 540 pos-

419 580 517 635 tea
544 572 913 645 conscriptas
941 569 1148 626 litteris
1175 585 1246 626 ac
1267 584 1378 641 pro
1406 566 1641 637 legibus
1668 560 1904 619 habitas
1952 572 2085 612 esse

421 667 676 722 constat.
707 660 945 732 Hocjus
969 657 1567 716 consuetudinarium
1617 668 1777 709 nunc
1826 646 2088 722 appella-

420 760 537 823 tur,
567 757 626 810 et
646 752 767 824 juri
796 750 1022 820 scripto
1049 747 1349 819 hodieque
1380 743 1725 819 opponitur,
1765 740 1826 795 id
1854 742 1945 795 est
1967 733 2088 808 juri

2189 481 2567 549 Episcopalis
2598 481 2764 544 ordo,
2793 495 2897 533 seu
2926 477 3251 549 episcOpus
3274 475 3533 547 quisque
3559 488 3733 545 mque
3760 471 3865 527 bo-

2191 568 2374 641 nique
2405 569 2888 625 servantissimus
2922 566 3014 632 sit,
3042 582 3153 621 nec
3184 581 3221 621 a
3239 565 3375 635 jure
3410 578 3685 635 unquam
3707 577 3865 617 rece-

2195 658 2336 714 dere
2365 658 2585 714 audeat
2609 675 2621 712 :
2647 657 2752 712 sed
2776 671 3016 727 semper
3038 654 3173 711 totis
3203 653 3433 709 viribus
3455 651 3699 723 justitiee
3731 666 3865 706 sese

2194 748 2635 803 accommodet.
2667 747 2928 802 Justitiae
2958 746 3225 815 regimen
3250 743 3469 798 dicitur
3504 740 3865 797 Adalberoni
3956 798 3964 810 ,

422 847 716 909 Romano,
768 854 895 896 non
945 836 1113 910 quod
1160 836 1449 909 scriptum
1498 848 1622 889 non
1653 831 1744 897 sit,
1778 827 1884 884 sed
1922 824 2087 899 quod
2190 836 2430 907 jUStltltB
2462 836 2555 891 vel
2583 835 2734 906 juris
2763 833 2989 903 regula.
3023 836 3185 887 Tunc
3215 835 3416 888 autem
3455 830 3725 903 episcopi
3779 829 3867 884 fo-

421 930 829 990 recentissime
856 933 914 985 et
936 927 1140 984 multis
1159 924 1392 982 saeculis
1409 927 1543 997 post
1569 922 1729 991 leges
1757 920 2086 981 Romanas,

422 1027 481 1082 et
507 1026 646 1096 post
673 1018 988 1078 Francicas
1025 1016 1204 1074 etiam
1245 1012 1778 1085 Burgundicasque
1829 1004 2091 1076 descrip-

423 1117 556 1171 tum
582 1110 778 1167 fuerit.

426 1200 574 1275 (133)
618 1213 842 1257 .....sua
863 1211 1051 1269 regna
1081 1195 1348 1252 Basilius
1378 1198 1435 1249 et
1462 1190 1820 1248 Benedictus

431 1292 750 1349 Observent
786 1306 799 1345 :
835 1293 1097 1356 teneant,
1119 1283 1417 1357 quidquid
1439 1297 1550 1339 sua
1579 1294 1768 1349 regna
1774 1276 2089 1349 jubebant.

504 1383 654 1438 Suas
677 1376 916 1448 regulas
943 1378 1183 1432 servent
1212 1372 1408 1429 Basilii
1447 1376 1504 1429 et
1546 1366 1841 1427 Benedicti
1886 1379 2094 1420 mona-

429 1469 546 1535 chi,
578 1484 722 1524 suas
751 1466 932 1523 etiam
960 1462 1381 1537 possessiones
1412 1466 1672 1526 teneant,
1699 1463 1757 1514 et
1785 1457 2097 1513 obtineant

429 1555 730 1632 quidquid
759 1555 1033 1628 ipsorum
1065 1552 1288 1623 regula:
1326 1550 1562 1622 jubent,
1619 1544 1919 1621 quidquid
1970 1559 2100 1616 per-

430 1647 693 1706 mittunt.
744 1643 1002 1715 Regulas
1058 1641 1498 1698 monachorum
1550 1636 1985 1694 Basilianorum
2042 1637 2100 1688 et

435 1735 976 1803 Benedictinorum,
1010 1733 1287 1804 εἰρωνικῶς
1314 1745 1503 1800 regna
1544 1732 1722 1784 vocat
1760 1724 2096 1789 Adalbero;
2138 1730 2178 1783 Β

434 1832 501 1885 ut
520 1841 705 1899 supra
727 1823 1049 1881 dominum
1078 1819 1395 1879 Odilonem
1423 1817 1877 1876 Cluniacensem
1907 1813 2097 1869 abba-

437 1921 558 1973 tem
621 1913 961 1972 monachus
1017 1909 1273 1984 quidam
1327 1924 1525 1981 regem
1577 1922 1747 1963 suum
1816 1901 2101 1977 appellat,

436 2022 616 2063 suum
644 2019 775 2060 esse
797 2017 1004 2072 regem
1034 1998 1344 2073 proﬁtetur
1375 2015 1389 2054 :

437 2097 596 2153 Nam
625 2093 899 2149 dominus
930 2105 1094 2147 meus
1125 2094 1211 2145 est
1238 2103 1349 2145 rex
1375 2087 1599 2157 Oydelo
1632 2083 2064 2142 Cluniacensis.

435 2186 569 2241 Jam
593 2180 829 2237 dudum
856 2182 1061 2236 autem
1114 2176 1316 2234 Basilii
1372 2178 1655 2233 Ciesareaa
1709 2170 2103 2246 Cappadociae

441 2269 709 2345 episcopi
758 2267 989 2339 regula,
1046 2266 1294 2323 inducta
1347 2265 1410 2321 in
1464 2263 1702 2334 Gallias,
1748 2280 1784 2319 a
1826 2259 2110 2317 nonnulis

440 2359 757 2419 monachis
777 2354 1489 2415 observabatur.Aredius
1516 2352 1708 2409 abbas
1718 2349 2034 2408 Atanensis
2050 2349 2112 2405 in

442 2447 878 2513 Lemovicibus,
901 2446 1009 2520 qui
1033 2461 1198 2503 anno
1226 2445 1322 2502 591
1351 2448 1686 2500 extremum
1726 2441 1998 2513 spiritum
2022 2438 2114 2495 fu-

442 2538 885 2610 dit,c(enobium
902 2537 1216 2609 fundavit,
1237 2537 1301 2591 in
1328 2551 1443 2608 quo
1468 2551 1588 2590 non
1618 2533 1789 2588 modo
1814 2530 2111 2600 Cassiani,

444 2646 650 2689 verum
703 2629 883 2686 etiam
929 2626 1152 2684 Basilii
1199 2636 1250 2683 et
1278 2626 1649 2695 reliquorum
1680 2622 1963 2679 abbatum
2010 2621 2116 2690 qui

444 2719 931 2777 manasterialem
957 2717 1139 2773 vitam
1166 2716 1602 2782 instutuerunt,
1617 2712 2002 2768 celebrantur
2028 2724 2117 2766 re-

447 2810 626 2880 gula’,
650 2811 717 2863 ut
766 2805 1083 2877 Gregorius
1125 2804 1453 2860 Turonicus
1504 2802 1824 2874 episcopus
1879 2799 1940 2856 in
1982 2797 2117 2855 libri

448 2898 592 2953 Hist.
625 2914 665 2951 x
692 2895 886 2969 capite
916 2900 984 2952 29
1014 2893 1211 2951 tradit.
1245 2897 1309 2948 In
1358 2891 1496 2946 Vitis
1542 2895 1886 2946 sanctorum
1936 2891 2117 2957 Euge-

448 2985 533 3042 nii
572 2983 839 3040 Jurensis
890 2986 948 3039 et
994 2980 1292 3038 Philiberti
1350 2978 1770 3037 Gemeticensis
1800 2977 2114 3042 abbatum,

2196 941 2333 981 rum
2365 941 2543 980 suum
2574 924 2901 990 habebant,
2935 927 2999 978 ut
3026 926 3084 978 et
3109 920 3254 978 olim
3285 920 3626 977 habuerant
3657 938 3669 974 :
3700 918 3869 992 quod

2197 1013 2350 1069 infra
2382 1013 2645 1087 apertius
2670 1012 2936 1068 docetur.

2201 1122 2343 1193 (136)
2386 1121 2729 1177 Constituat
2749 1122 2945 1189 justas
2976 1123 3033 1175 et
3062 1133 3183 1174 non
3208 1132 3323 1186 pro
3356 1118 3483 1185 lege
3512 1130 3763 1185 capaces

2199 1211 2474 1268 Rectores
2504 1211 2771 1278 inopum,
2805 1210 3083 1265 miserum
3122 1221 3354 1263 necnon
3379 1206 3725 1262 viduarum.

2272 1318 2490 1372 Noster
2519 1316 2682 1382 ordo,
2742 1332 2849 1370 seu
2886 1313 3266 1386 episcopalis,
3328 1318 3584 1368 rectores
3625 1313 3874 1381 inopum

2200 1414 2253 1461 et
2286 1408 2606 1463 viduarum
2669 1423 2737 1462 ac
2791 1404 3156 1477 pupillorum
3207 1406 3407 1472 justas
3459 1404 3789 1457 constituat
3820 1406 3877 1456 et

2203 1512 2476 1569 capaces,
2511 1494 2724 1567 quales
2754 1494 3000 1550 minime
3050 1491 3177 1548 ﬁeri
3225 1496 3689 1548 consueverunt.
3740 1492 3882 1547 Non

2199 1601 2312 1655 pro
2349 1587 2493 1655 lege,
2524 1584 2586 1639 id
2618 1588 2709 1640 est
2740 1599 2863 1639 non
2887 1598 2997 1655 pro
3027 1597 3213 1637 more.
3251 1581 3514 1637 Forsitan
3561 1585 3763 1636 tamen
3795 1579 3880 1634 le-

2206 1675 2493 1745 gendum,
2521 1680 2575 1730 et
2603 1690 2723 1730 non
2756 1688 2870 1743 pro
2902 1673 3028 1742 lege
3054 1687 3323 1739 rapaces,
3384 1675 3447 1725 ut
3500 1670 3574 1725 sit
3625 1685 3881 1725 sensus:

2207 1765 2550 1822 Constituat
2571 1766 2767 1831 justas
2798 1768 3054 1817 rectores
3087 1760 3430 1823 viduarum,
3460 1765 3660 1815 etnon
3692 1774 3884 1827 rapa—

2208 1871 2300 1911 ces
2326 1869 2440 1924 pro
2468 1855 2612 1923 lege,
2646 1854 2758 1908 hoc
2792 1857 2882 1909 est
2932 1868 3055 1906 non
3100 1867 3314 1907 avaros
3346 1867 3417 1905 ex
3448 1865 3634 1905 more.
3675 1850 3886 1905 Recto-

2211 1959 2303 2000 res
2333 1947 2536 1998 autem
2564 1942 2647 1997 illi
2676 1944 2921 2011 inopum
2952 1946 3007 1996 et
3054 1942 3412 1997 miserarum
3462 1939 3787 1995 viduarum
3817 1953 3889 1992 ac

2214 2032 2602 2105 pupillorum,
2660 2034 2799 2086 Sunt
2840 2028 3006 2085 haud
3055 2028 3237 2084 dubie
3284 2027 3548 2093 diaconi,
3608 2025 3884 2099 pecuniae

2217 2138 2404 2177 sacrm
2435 2119 2748 2191 egentibus
2778 2117 3196 2191 dispertiendas
3227 2117 3506 2174 custodes
3547 2131 3618 2175 ac
3644 2114 3891 2187 dispen-

2219 2215 2471 2267 satores.

2218 2317 2362 2388 (137)
2403 2315 2626 2371 Nullus
2638 2313 2720 2370 ad
2733 2313 3041 2368 ecclesiam
3058 2312 3248 2367 noctis
3265 2310 3383 2366 nisi
3399 2316 3657 2379 tempore
3671 2315 3896 2378 pergat

2219 2407 2316 2462 Ire
2341 2405 2518 2461 semel
2545 2419 2568 2460 .'
2602 2404 2775 2458 liceat
2807 2402 3037 2457 cunctis
3064 2414 3239 2455 orare
3264 2398 3489 2453 diebus.

2293 2513 2519 2568 Nullus
2546 2517 2807 2579 tempore
2829 2508 3016 2563 noctis
3047 2508 3166 2561 nisi
3217 2506 3394 2560 semel
3447 2505 3527 2559 ad
3578 2505 3895 2559 ecclesiam

2224 2606 2310 2659 ire
2324 2607 2560 2672 pergat.
2596 2603 2726 2655 Haec
2753 2599 2828 2653 de
2856 2597 3082 2652 clericis
3112 2595 3462 2668 accipienda
3513 2598 3673 2661 sunt,
3735 2610 3894 2665 quos

2226 2691 2475 2761 singulis
2504 2679 2780 2746 noctibus
2808 2703 2934 2744 non
2965 2686 3101 2759 plus
3144 2685 3327 2740 semel
3376 2683 3691 2739 ecclesiam
3724 2682 3896 2738 adire

2225 2798 2331 2838 seu
2360 2780 2653 2839 Matutinis
2684 2777 2914 2833 Laudes
2945 2775 3232 2830 continuo
3258 2789 3369 2829 nec
3396 2774 3728 2843 interrupto
3760 2788 3901 2826 can-

2224 2878 2289 2929 tu
2343 2871 2709 2941 conjungere
2763 2866 2890 2922 vult
2952 2863 3288 2927 Adalbero;
3343 2862 3566 2934 quibus
3601 2862 3899 2918 Matutinis

2224 2961 2410 3017 laicos
2437 2958 2617 3014 semel
2649 2972 2891 3030 quaque
2931 2953 3335 3015 hebdomade,
3387 2952 3674 3006 nimirum
3723 2956 3900 3006 nocte

450 3040 736 3130 sancti
760 3070 954 3127 Basilii
982 3068 1205 3140 regulae
1234 3068 1479 3125 mentio.
1514 3070 1554 3123 E
1579 3066 1801 3140 quibus
1842 3040 2121 3121 Philiber-
2156 3082 2199 3139 ο
2231 3049 2560 3119 Ποωῖηῖοᾶ,
2614 3047 2905 3140 ίξηεθιῖθεδδθ⁵
2947 3043 3335 3140 λοοῐιξυθνίὲῗθ
3362 3040 3592 3140 -ξῖοοξδξ
3615 3057 3726 3096 ηοε
3762 3055 3901 3140 PP?

452 3166 548 3218 tus
574 3161 794 3217 Basilii
825 3159 1025 3215 sancti
1078 3157 1468 3225 charismata,
1518 3131 1778 3211 Macarii
1821 3155 2118 3222 regulam,
2163 3131 2198 3139 “
2230 3141 2477 3209 cieteris,
2510 3140 2571 3194 in
2603 3138 2731 3193 Vita
2754 3136 2909 3192 beati
2944 3132 3308 3202 Lcodegarii,
3360 3131 3594 3187 Ebroini
3622 3131 3903 3201 —majoris

460 3250 773 3309 Benedicti
797 3246 1424 3318 decreta,Columbani
1441 3220 1718 3303 instituta
1748 3220 2123 3301 sanctissima
2227 3238 2447 3287 domus
2500 3225 2945 3318 τεεςίδβμοωάθὲ-
3010 3223 3106 3277 V31
3163 3226 3318 3277 certe
3380 3220 3504 3275 VU“
3564 3224 3669 3275 aut
3729 3220 3899 3290 cuPit

462 3340 709 3397 lectione
732 3314 1159 3408 frequentabat
1185 3334 1449 3391 assidua.
1497 3333 1879 3390 Benedictum
1974 3331 2124 3387 bba-
2231 3319 2529 3376 Adalbero
2554 3315 2787 3408 vigilias
2832 3314 3173 3408 missasque
3201 3315 3548 3408 nocturnas.
3600 3323 3736 3381 quae
3778 3321 3905 3361 non

457 3432 579 3486 tem
608 3400 996 3499 Anienis,un
1028 3423 1239 3483 Carolo
1260 3428 1318 3479 et
1347 3422 1646 3480 Ludovico
1665 3421 2129 3495 imperatoribus
2235 3407 2431 3463 solum
2461 3406 2647 3462 Natali
2681 3404 2932 3468 Domini,
2961 3403 3021 3457 in
3052 3403 3278 3457 Pascha
3324 3405 3382 3456 et
3434 3400 3493 3455 in
3534 3402 3904 3464 Pentecoste,

460 3517 679 3584 ﬂoruit,
710 3516 792 3572 ad
820 3485 979 3572 bedti
1012 3514 1236 3571 Basilii
1278 3514 1463 3583 dicta,
1517 3485 1774 3569 necnon-
1800 3512 1880 3567 ad
1934 3512 2131 3567 sancti
2237 3495 2342 3551 sed
2370 3496 2548 3551 etiam
2577 3495 2633 3550 in
2667 3492 3464 3584 nonnullorummartyrum
3503 3494 3560 3584 et
3598 3485 3906 3584 confesso-

459 3575 775 3665 Pachoinii
827 3607 1103 3678 regulam
1159 3575 1460 3661 scandere,
1515 3604 1715 3659 nisum
1764 3617 1905 3669 esse,
1969 3600 2127 3657 Αι-(Ῑο
2237 3604 2370 3643 rum
2400 3602 2643 3659 quoque
2669 3586 2961 3639 honorem
2994 3580 3154 3636 varie
3206 3595 3243 3635 a
3288 3579 3467 3634 variis
3498 3575 3907 3631 observaban-

460 3696 820 3755 Anianensis
872 3694 1210 3753 monachus
1259 3692 1449 3766 ipsius
1493 3691 1825 3765 discipulus
1874 3691 2124 3763 scripsit.
2239 3681 2332 3734 tur
2360 3674 3161 3766 αθίθῦνεὶὶᾷᾶηίυΐνθχοωηθε
3191 3674 3405 3766 Ρνξεξθζ
3434 3680 3622 3766 “nimi
3674 3662 3910 3766 ὃδοιεξΐί

462 3749 1191 3857 ἦέᾜέῖιίῃΒδῖὶίίῐῂθξεθ
1248 3749 1471 3841 siam“,
1512 3749 1667 3853 ejus:
1715 3798 1852 3853 qua;
1882 3749 2131 3837 Rufinus
2236 3763 2483 3837 quodin
2512 3761 2774 3817 ecclesiis
2809 3758 2996 3814 multa
3027 3763 3153 3812 tum
3201 3772 3237 3811 a
3266 3754 3432 3810 laicis
3483 3753 3770 3819 obscena,
3827 3749 3912 3805 fa-

466 3842 782 3940 nanstuﬁt,
806 3876 862 3929 et
890 3888 1026 3945 quae
1055 3871 1117 3927 in
1148 3842 1563 3927 vetustissimo
1597 3842 1802 3925 ccdice
1852 3868 2135 3926 Parisiaci
2242 3854 2519 3910 ventibus
2552 3850 2831 3917 tenebris,
2861 3850 3087 3945 fierent.
3124 3848 3254 3913 Qua
3281 3845 3357 3901 de
3384 3860 3444 3901 re
3471 3842 3650 3945 etiam
3680 3846 3913 3945 vetare:

466 3960 813 4018 monasterii
846 3960 1043 4017 Sancti
1070 3959 1348 4016 Germani
1380 3958 1777 4031 reperiuntur,
1806 3961 1867 4013 in
1911 3959 2133 4014 ducen-

470 4056 563 4107 tas
601 4055 719 4107 tres
773 4050 1273 4120 interrogationes
1329 4052 1386 4104 et
1440 4047 1862 4121 responsiones
1919 4048 2133 4115 divisa,

472 4139 733 4197 afﬁrmat
790 4139 962 4207 Hugo
1021 4135 1378 4192 monachus.
1464 4138 1753 4192 Caeterum
1813 4137 1941 4190 haec
1996 4136 2139 4191 dicit

470 4228 792 4299 Adalbero,
823 4232 889 4283 ut
915 4226 1132 4283 doceat
1154 4225 1322 4299 quod
1349 4241 1532 4297 supra
1565 4226 1693 4296 jam
1740 4224 1882 4281 satis
1935 4230 2139 4281 osten-

470 4320 577 4388 dit,
606 4318 801 4375 Basilii
828 4322 885 4373 et
916 4315 1212 4372 Benedicti
1241 4315 1575 4389 praesertim
1624 4315 1958 4371 monachos
2012 4321 2141 4371 tum

471 4410 536 4467 in
562 4408 749 4466 Gallia
777 4425 814 4465 a
843 4406 964 4463 suis
992 4406 1227 4477 legibus
1256 4421 1416 4478 saepe
1444 4405 1777 4461 recessisse.

477 4500 625 4572 (134)
661 4498 980 4567 Pontiﬁces
1006 4511 1275 4567 unquam
1305 4495 1603 4553 celebrent
1632 4511 1753 4552 non
1790 4510 1941 4552 rura
1972 4496 2140 4551 dein-

1890 4585 2068 4655 [σερε.

476 4680 580 4736 Sic
607 4693 717 4736 sua
732 4680 886 4749 jura
909 4681 1131 4746 tenent,
1161 4676 1216 4733 si
1236 4690 1358 4732 non
1382 4676 1627 4731 ruralia
1656 4680 1888 4732 curent.

550 4767 830 4842 Episcopi
850 4781 1170 4840 nunquam
1196 4764 1482 4838 deinceps
1513 4764 1633 4821 ruri
1656 4764 2013 4838 plerumque
2042 4765 2147 4820 ha-

477 4857 689 4925 bitent,
746 4871 867 4912 neu
919 4870 1079 4928 saepe
1121 4868 1259 4909 rure
1301 4852 1634 4920 desideant,
1682 4852 1772 4909 vel
1819 4852 1882 4908 in
1913 4868 2059 4921 agro
2090 4858 2148 4908 et

481 4945 737 5004 amoenis
756 4942 914 5001 villis
945 4942 1156 5000 crebro
1207 4941 1465 4998 otientur
1516 4947 1876 5015 tempusque
1934 4945 2147 5012 terant,

482 5036 739 5111 quodin
762 5050 887 5092 suae
910 5033 1170 5108 quisque
1227 5031 1480 5089 civitatis
1532 5048 1638 5088 seu
1692 5032 1749 5088 i2;
1801 5031 2010 5106 populi
2037 5030 2153 5095 sibi

484 5125 797 5186 commissi
823 5140 1034 5182 curam
1061 5122 1286 5181 debent
1307 5121 1677 5196 impendere.
1726 5122 1789 5178 In
1836 5138 1948 5179 sua
1984 5122 2149 5194 quis-

485 5233 605 5290 que
633 5216 806 5272 sedes
834 5214 1125 5271 antistites
1152 5212 1419 5284 sedeant,
1448 5229 1559 5269 sua
1589 5212 1836 5269 demum
1885 5212 2025 5280 jura
2065 5210 2153 5266 in-

488 5303 709 5359 violata
737 5301 1169 5373 conservaturi,
1201 5306 1259 5359 et
1300 5301 1684 5359 veneratione
1731 5299 2017 5356 omnibus
2059 5298 2151 5355 fu-

490 5390 626 5459 turi,
654 5390 702 5447 si
732 5408 834 5448 rus
862 5392 1186 5463 negligant,
1202 5407 1311 5447 nec
1332 5390 1740 5464 voluptatibus
1769 5390 1892 5445 suis
1918 5394 2153 5458 vacent,

495 5484 599 5536 aut
626 5495 736 5552 pro
768 5479 1017 5536 urbibus
1050 5498 1319 5536 secessus
1347 5480 1661 5537 celebrent.
1734 5496 1840 5535 seu
1897 5478 2152 5552 prandio-

494 5583 631 5624 rum
650 5582 900 5622 suorum
925 5575 982 5624 et
1010 5570 1495 5626 suburbanorum
1547 5572 1846 5628 redituum
1894 5567 2013 5641 ipsi
2052 5583 2157 5640 per

497 5672 561 5712 se
591 5671 801 5710 curam
829 5661 1031 5725 agant.

506 5746 629 5819 135)
666 5744 925 5801 Justitiae
953 5746 1219 5817 regimen
1239 5754 1441 5807 noster
1470 5766 1593 5806 non
1618 5749 1840 5807 audwt
1864 5747 2010 5805 ordo

2242 3942 2437 4017 questi
2465 3945 2603 3996 sunt
2633 3943 2849 3996 Patres.
2902 3935 3048 3991 Hinc
3098 3939 3310 3992 natum
3349 3930 3734 4006 proverbium
3764 3926 3915 3985 illud

2246 4038 2309 4088 ut
2337 4031 2615 4086 dicantur
2641 4026 2824 4096 vulgo
2850 4026 3126 4095 juvenes,
3158 4021 3264 4095 qui
3295 4018 3615 4094 pervigiliis
3672 4022 3729 4074 et
3777 4032 3919 4075 noc-

2246 4120 2436 4177 turnis
2463 4117 2665 4173 missis
2698 4116 2991 4170 intersunt
3039 4115 3225 4167 Deum
3280 4124 3549 4182 quaerere
3596 4106 3917 4177 palpando

2248 4217 2301 4267 et
2361 4204 2807 4264 contrectando.
2870 4206 3110 4258 Noctem
3170 4204 3372 4256 autem
3418 4196 3636 4254 Natalis
3678 4194 3919 4251 Domini

2249 4298 2446 4374 potius
2475 4312 2661 4370 quam
2691 4298 2929 4349 noctem
2986 4289 3228 4346 Pascha:
3282 4292 3384 4344 aut
3425 4288 3799 4341 Pentecostes
3839 4282 3919 4339 ab

2254 4372 2630 4441 .Adalberone
2655 4382 2848 4455 excipi
2871 4385 3039 4454 puto,
3071 4377 3240 4451 quod
3272 4394 3343 4432 ea
3370 4374 3688 4446 hodieque,
3713 4372 3771 4427 in
3796 4377 3921 4428 toto

2250 4475 2395 4531 orbe
2427 4470 2778 4536 Christiano,
2812 4469 3038 4525 caeteris
3070 4468 3188 4522 fere
3220 4464 3503 4522 omnibus
3529 4461 3744 4532 vigiliis
3775 4461 3919 4518 abo-

2249 4564 2386 4632 litis,
2417 4560 2727 4636 pervigilio
2752 4558 3063 4631 missaque
3092 4556 3447 4612 celebratur.

2254 4677 2399 4743 (138)
2444 4713 2457 4726 .
2496 4714 2507 4725 .
2544 4711 2557 4724 .
2601 4669 2777 4724 liceat
2809 4666 3038 4721 cunctis
3068 4678 3246 4719 orare
3274 4662 3479 4717 diebus
3504 4675 3525 4714 .'

2328 4778 2483 4835 Totis
2508 4777 2722 4834 diebus
2746 4773 2914 4831 laicis
2945 4776 3189 4845 pateant
3217 4768 3479 4827 ecclesiae
3536 4785 3548 4823 :
3602 4769 3757 4821 totos
3794 4764 3919 4821 dies

2262 4875 2449 4928 Deum
2478 4868 2563 4924 eis
2592 4866 2673 4922 ibi
2702 4880 2876 4921 orare
2904 4862 3079 4920 liceat
3127 4860 3332 4934 palam
3386 4857 3512 4913 sine
3566 4854 3686 4911 ulla
3731 4854 3918 4924 suspi-

2261 4961 2430 5017 cione
2452 4954 2781 5013 dedecoris.

2262 5085 2407 5156 (139)
2449 5083 2706 5147 Judicet,
2737 5086 2790 5136 et
2816 5083 3032 5148 spectet
3062 5080 3382 5147 prasentes
3412 5078 3589 5142 atque
3614 5067 3875 5138 futuros.

2337 5211 2554 5265 Noster
2626 5205 2794 5275 ordo,
2872 5219 2979 5259 seu
3052 5198 3321 5277 episcopi
3393 5196 3473 5252 ita
3531 5191 3803 5265 judicent
3867 5193 3924 5277 ut

2264 5302 2325 5358 in
2394 5296 2636 5368 judiciis
2709 5293 2833 5348 suis
2906 5307 3030 5349 non
3102 5276 3491 5362 praesentium
3547 5281 3753 5338 modo.
3823 5276 3924 5333 sed

2266 5388 2445 5445 etiam
2522 5387 2897 5459 posterorum
2973 5384 3030 5436 et
3102 5393 3226 5434 suae
3300 5375 3555 5449 quisque
3630 5369 3805 5425 fama:
3861 5383 3926 5422 ac

2272 5457 2538 5534 Domini?
2578 5488 2787 5529 eorum
2880 5468 3311 5526 mandatorum
3403 5462 3664 5520 habeant
3758 5457 3926 5514 ratio-

2267 5581 2429 5623 nem.
2508 5560 2797 5618 Nimirum
2872 5558 3159 5631 episcopi,
3224 5553 3547 5627 praesertim
3606 5552 3924 5621 postquam

2269 5649 2693 5711 Constantinus
2767 5647 3056 5704 Maximus
3131 5645 3322 5701 factus
3396 5645 3484 5697 est
3545 5636 3921 5699 Christianus,

2252 5758 2437 5808 suum
2484 5739 2597 5799 sibi
2654 5741 2713 5799 et
2763 5735 3064 5812 peculiare
3111 5732 3315 5793 forum
3356 5730 3648 5797 habuere,
3728 5731 3786 5783 et
3853 5724 3921 5781 de
