3892 6382
54 237 155 295 821

1019 240 1300 295 CABMEN
1341 238 1436 294 AD
1475 235 1845 293 ROBERTUH
1884 236 2134 292 REGEM.
2179 267 2247 276 —
2288 235 2516 293 NOTZE.

3366 232 3478 285 822

46 361 336 417 omnibus
368 361 592 416 clericis
620 365 675 415 et
705 363 1017 416 monachis
1063 362 1334 417 Ecclesiae
1363 378 1482 415 sum
1517 358 1710 427 subje-
1749 357 1962 425 Atina,
1997 359 2083 412 vel
2114 360 2425 423 Matutinsr,
2486 358 2686 413 Prima
2732 358 2837 413 aut
2874 354 3230 425 diluculum,
3268 352 3475 410 Tertia,

22 451 179 520 ,ctis,
210 467 279 505 ac
309 450 384 505 de
413 449 826 505 ecclesiasticis
862 450 1041 505 rebus
1101 451 1323 522 quique
1355 463 1592 519 semper
1624 448 1717 516 ju-

22 541 352 619 ldicavere.
387 539 560 611 Apud
592 539 941 602 Gregorium
974 540 1031 594 in
1058 540 1189 595 libri
1226 539 1488 594 Historize
1538 540 1714 591 Fran-

21 630 192 709 :cicee
242 646 280 681 v
309 628 500 700 capite
534 634 584 693 ὅ,
640 631 841 682 Petrus
908 628 1224 697 diaconus,
1286 628 1471 700 ipsius
1520 626 1716 691 frater,

21 740 78 800 ἰιι
114 719 272 773 facto
325 717 543 789 placito
597 718 912 789 praesentia
970 719 1155 772 sancti
1204 717 1399 773 Nicetii
1426 715 1714 787 episcopi,

22 807 335 863 avunculi
383 807 590 861 matris
646 824 790 871 SUtP,
840 809 1198 873 Lugdunum
1257 807 1474 873 dirigit,
1529 810 1584 859 et
1615 804 1714 870 ibi,

48 898 303 968 Syagrio
334 896 620 968 episcopo
651 912 854 950 coram
887 902 1115 951 astante
1157 902 1212 951 et
1243 896 1370 950 aliis
1403 893 1717 950 sacerdoti-

48 986 185 1054 bus,
216 985 418 1040 multis
450 1002 585 1038 cum
622 984 997 1039 saecularium
1018 985 1409 1057 principibus,
1435 1000 1495 1037 se
1525 1000 1717 1037 sacra-
1743 999 1748 1003 '

52 1081 260 1130 mento
288 1074 447 1129 exuit
479 1090 791 1145 nunquam
816 1091 875 1128 se
906 1074 967 1128 in
1008 1080 1258 1129 mortem
1286 1072 1563 1144 Sylvestri
1586 1072 1714 1126 mis-

49 1172 176 1220 tum
206 1164 411 1219 fuisse.
447 1188 473 1213 ››
511 1167 574 1219 Et
604 1164 664 1218 in
688 1164 878 1236 capite
906 1168 970 1219 3t}
998 1163 1129 1219 libri
1164 1180 1280 1227 vui,
1309 1161 1715 1229 Baudegisilus

52 1258 539 1311 Cenomanorum
572 1253 890 1324 episcopus
921 1252 1185 1324 quotidie
1229 1269 1366 1306 cum
1412 1250 1715 1321 judicibus

47 1359 265 1398 causas
296 1342 648 1397 discussisse
702 1341 936 1396 dicitur.
964 1342 1027 1395 In
1066 1342 1255 1413 capite
1286 1346 1338 1409 6,
1368 1340 1497 1395 libri
1530 1357 1605 1405 1x,
1641 1338 1713 1391 de

50 1431 445 1497 Ragnemodo
473 1431 751 1502 pontifice
780 1430 1486 1500 Parisiaco,iinpostorem
1503 1444 1714 1500 quem-

46 1522 191 1575 dam
228 1521 535 1593 puniente,
559 1521 685 1574 hiec
719 1520 892 1573 refert
922 1537 933 1574 :
967 1543 990 1571 «ι
1018 1519 1225 1573 .\blata
1254 1519 1301 1573 ei
1327 1534 1520 1587 cruce,
1542 1517 1716 1587 jussit

47 1627 247 1666 euma
278 1609 530 1665 termino
562 1609 867 1663 Parisiacae
926 1609 1091 1661 urbis
1141 1608 1392 1662 cxr-ludi.
1459 1607 1569 1663 Sed
1619 1607 1712 1661 hic

1829 450 2019 507 Sexta.
2095 453 2279 517 Nona,
2340 451 2610 520 Vespera
2642 462 2746 501 seu
2771 444 3197 511 lucernarum,
3247 442 3479 499 initium

1826 540 2013 592 noctis
2044 538 2131 592 vel
2165 537 2647 609 Completorium.

1826 630 1997 695 (tit-2t.
2043 669 2054 681 .
2102 669 2113 681 .
2156 669 2168 681 .
2212 629 2422 682 [Iastia
2452 641 2584 682 eum
2617 625 2785 680 votis.

1896 719 2042 771 Cum
2075 717 2349 787 precibus
2379 731 2480 772 cor
2507 713 2849 771 immoletur
2879 715 2998 768 Deo
3027 715 3086 767 et
3124 711 3284 768 velut
3323 711 3483 767 victi-

1826 824 1926 861 ma
1954 808 2254 860 oii'cratur.
2287 806 2661 873 Sacriﬁcium
2709 804 2861 859 enim
2886 803 3007 859 Deo
3054 802 3303 872 spiritus
3348 817 3483 857 con-

1826 896 2151 951 tribuliitus
2190 902 2242 949 ct
2288 912 2389 950 cor
2446 893 2766 949 contritum
2822 892 3010 959 (Psal.
3051 892 3125 961 L).
3173 889 3275 945 Vel
3324 893 3481 945 certe

1825 985 1948 1039 vult
1997 985 2292 1040 Adalbero
2344 984 2527 1039 laicos
2566 996 2821 1038 munera
2879 996 2991 1035 sua
3021 980 3103 1035 ad
3148 978 3331 1035 altare
3368 994 3479 1051 pro

1824 1075 2076 1129 \iclimis
2110 1075 2416 1129 offerenda
2444 1078 2500 1128 ct
2555 1072 2970 1143 eleemosynas
3021 1068 3300 1142 precibus
3358 1069 3480 1123 suis

1822 1163 2151 1233 adjuugere
2184 1181 2195 1217 :
2242 1166 2567 1232 Propterea
2617 1161 2775 1233 quod
2806 1161 2958 1215 bona
3001 1164 3084 1215 est
3112 1159 3308 1215 oratio
3347 1171 3479 1214 cum

1814 1255 2050 1321 jejunio
2076 1259 2127 1308 et
2156 1254 2545 1320 eleemosyna.

1824 1344 1989 1412 (ti-3).
2038 1386 2048 1397 .
2097 1385 2107 1396 .
2150 1384 2159 1394 .
2206 1344 2345 1396 Haec
2375 1342 2451 1395 sit
2476 1340 2785 1408 permissio
2805 1338 3028 1407 patris,

1825 1433 1971 1486 Cum
2006 1432 2233 1501 Ligeris
2266 1431 2554 1486 Calabros
2586 1428 2837 1485 tentabit
2870 1428 3097 1497 lingere
3123 1440 3361 1494 campos
3390 1441 3403 1479 :

1900 1522 2053 1575 Fient
2088 1521 2212 1573 haec
2234 1535 2367 1590 quae
2398 1517 2525 1573 ﬁeri
2554 1517 2718 1589 cupit
2740 1516 2983 1587 jubetve
3012 1518 3184 1588 pater
3219 1530 3326 1569 seu
3355 1512 3477 1585 epi-

1824 1626 2040 1681 scopus
2091 1608 2407 1675 Adalbero,
2439 1606 2631 1679 inquit
2682 1621 2805 1673 rex,
2837 1621 2977 1660 cum
3010 1603 3176 1674 Liger
3227 1603 3478 1672 (Ligeri:

45 1699 260 1755 iterum
288 1700 444 1755 facta
462 1699 645 1753 altera
669 1714 843 1753 cruce
871 1697 1051 1770 coepit
1078 1715 1213 1768 (μη-ε
1262 1703 1524 1755 gesserat
1552 1712 1711 1752 exer—
1751 1706 1792 1757 Β
1820 1698 2178 1753 Adalberoni
2211 1696 2501 1752 mendose
2525 1695 2745 1767 dictus)
2771 1694 2974 1750 relicta
3010 1692 3328 1765 Aquitania
3370 1707 3479 1764 per

49 1804 181 1844 cere
207 1807 219 1843 :
249 1793 579 1860 captusque
611 1787 688 1841 ab
720 1787 1161 1855 archidiacono,
1195 1792 1250 1842 et
1306 1787 1527 1841 catenis
1559 1788 1716 1841 vinc-

48 1883 163 1939 tus,
184 1878 397 1947 jussus
418 1882 504 1932 est
530 1876 836 1932 custodiri.
873 1900 897 1924 υ
961 1880 1016 1929 lu
1048 1876 1181 1930 libri
1214 1893 1247 1930 v
1276 1875 1467 1946 capite
1510 1879 1597 1937 43,
1632 1876 1714 1930 in-

47 1967 224 2022 venio
288 1965 639 2022 Leudastem
688 1966 1046 2020 Turonicum
1105 1964 1383 2020 comitem
1434 1964 1617 2036 (quod
1658 1973 1715 2020 et

48 2060 295 2110 caeteros
331 2053 575 2109 comites
594 2052 799 2109 fecisse
829 2052 1084 2107 dubium
1113 2069 1234 2108 non
1256 2054 1381 2121 est),
1408 2055 1469 2108 in
1480 2053 1714 2121 judicio

45 2158 176 2199 cum
206 2143 562 2209 senioribus,
609 2143 703 2198 vel
736 2143 905 2198 laicis
934 2144 1027 2198 vel
1052 2143 1283 2198 clericis
1322 2142 1621 2211 resedisse,
1652 2140 1713 2197 id

45 2237 133 2287 est
160 2231 390 2289 clericis
417 2235 475 2286 et
502 2230 686 2286 laicis.
721 2230 987 2299 Gregorii
1007 2231 1080 2285 de
1113 2230 1331 2286 Nicetio
1362 2230 1714 2295 Lugdunen-

46 2319 94 2375 εἰ
124 2321 438 2391 episcopo,
468 2320 697 2390 majore
721 2319 1024 2377 avunculo
1056 2336 1184 2383 suo,
1218 2320 1276 2375 in
1307 2319 1459 2375 libro
1490 2319 1565 2375 de
1591 2321 1713 2375 Vita

48 2409 175 2479 ejus
210 2407 397 2465 verba
454 2412 595 2464 sunt
622 2409 749 2465 haec
797 2425 809 2462 :
866 2431 892 2458 ‹‹
938 2408 1212 2473 Quodam
1248 2415 1511 2481 tempore
1558 2409 1713 2464 misit

46 2498 328 2554 Basilium
358 2498 775 2569 presbyterum
806 2497 885 2553 ad
915 2499 1359 2555 Armentarium
1407 2499 1710 2564 comitem,

46 2586 149 2657 qui
182 2585 643 2655 Lugdunensem
676 2585 887 2640 urbem
929 2585 1018 2640 his
1072 2585 1284 2641 diebus
1309 2591 1597 2658 potestate
1622 2588 1717 2657 ju-

45 2675 292 2731 diciaria
317 2673 713 2743 gubernabat,
746 2674 1011 2745 dixitque
1064 2674 1139 2729 ad
1167 2690 1306 2729 eum
1342 2692 1354 2729 :
1389 2697 1415 2723 ‹‹
1451 2675 1713 2731 Pontifex

48 2768 250 2820 noster
276 2780 473 2819 causae
506 2763 664 2829 huic,
699 2780 835 2835 quae
857 2763 1056 2819 denuo
1105 2763 1427 2835 impetitur,
1458 2764 1596 2820 dato
1618 2765 1712 2835 ju-

52 2852 207 2908 dicio
240 2852 561 2908 terminum
594 2851 727 2906 fecit
761 2869 773 2917 ;
805 2850 1061 2921 ideoque
1092 2856 1435 2907 commonet
1473 2868 1546 2907 ne
1575 2868 1709 2911 eam

49 2940 258 2997 iterare
289 2956 641 3013 priesumas.
672 2941 781 3005 Qui
802 2940 1004 2995 furens
1043 2940 1352 3011 respondit
1397 2941 1709 3013 presbyte-

1825 1786 2159 1842 (lalabriam
2188 1786 2228 1840 tl
2239 1801 2371 1841 uere
2397 1784 2731 1851 conabitur,
2754 1786 2814 1838 et
2831 1780 3015 1850 Tigris
3043 1784 3478 1853 torrens,atque

1824 1893 1860 1932 a
1889 1875 2179 1933 celeritate
2210 1874 2437 1942 sagittae
2466 1888 2689 1933 nomen
2710 1872 2965 1940 habens,
3012 1885 3124 1943 pro
3153 1872 3478 1942 Mesopotao

1824 1967 1944 2022 mia
1966 1965 2282 2038 perfundet
2304 1963 2671 2037 Hispaniam,
2703 1978 2842 2018 cum
2870 1962 3050 2017 IEtna
3090 1975 3267 2015 mons
3287 1959 3476 2015 mirus

1822 2055 2113 2112 incendiis
2135 2071 2303 2111 rosas
2332 2058 2389 2109 et
2418 2053 2537 2109 lilia
2566 2056 2847 2122 stagnum
2878 2050 3024 2106 feret
3054 2068 3067 2117 ;
3098 2048 3162 2105 id
3185 2053 3273 2105 est
3303 2065 3317 2105 :
3351 2048 3478 2105 haec

1824 2162 1945 2201 non
1978 2144 2188 2210 magis,
2222 2159 2345 2200 non
2402 2142 2572 2198 citius
2628 2144 2685 2198 et
2726 2138 2955 2198 facilius
3009 2154 3198 2212 quam
3245 2136 3347 2195 illa
3400 2136 3478 2193 ab

1826 2233 2202 2290 Adalberone
2233 2235 2456 2304 optata,
2485 2229 2831 2300 contingent
2856 2231 2958 2287 aut
2978 2226 3141 2284 ﬁent.
3156 2228 3350 2294 Quare
3377 2240 3481 2280 rex

1822 2324 2062 2395 subjicit
2093 2340 2106 2381 :

1828 2415 1997 2470 Talia
2023 2416 2077 2471 si
2106 2412 2349 2473 veniunt
2382 2429 2394 2466 :
2428 2416 2573 2466 tunc
2596 2408 2723 2465 hac
2751 2411 3008 2465 ventura
3028 2407 3249 2467 timeto.

1900 2504 1980 2557 Ex
2012 2500 2104 2560 bis
2126 2500 2485 2567 intelligitur,
2520 2502 2648 2553 tum
2667 2498 2729 2553 in
2752 2511 2942 2565 regno
2965 2498 3352 2565 Francorum,
3367 2511 3480 2557 nec

1823 2588 2083 2647 ecclesiis
2141 2604 2263 2645 suis
2300 2588 2438 2657 jura
2467 2602 2539 2642 ex
2568 2590 2692 2644 toto
2722 2587 2974 2652 servata,
3001 2599 3114 2641 nec
3143 2584 3479 2645 monachos

1820 2678 2024 2746 legum
2057 2680 2112 2735 S.
2137 2676 2438 2735 Benedicti
2458 2688 2897 2747 usquequaque
2927 2676 3229 2730 servantes
3254 2671 3473 2733 fuisse:

1820 2773 1875 2823 et
1903 2765 2363 2821 consuetudines
2394 2763 2585 2821 malas
2615 2778 2685 2822 ac
2710 2761 2943 2834 scriptis
2987 2761 3223 2831 legibus
3247 2766 3478 2823 contrav

1819 2856 1938 2913 rias
1966 2854 2285 2911 invaluisse
2316 2853 2374 2909 in
2400 2851 2662 2920 Francia,
2692 2866 2848 2924 quas
2878 2849 3104 2909 aboleri
3128 2854 3427 2923 oporteret
3457 2868 3472 2913 ε

1819 2946 2131 3018 episcopos
2161 2959 2405 3016 quoque
2436 2946 2799 3000 Francorum
2853 2938 3120 2999 crebrius
3170 2943 3229 2996 et
3251 2939 3475 3003 diutius

49 3044 113 3083 ro
146 3047 159 3083 :
192 3029 375 3095 Vade,
435 3035 490 3083 et
536 3028 633 3084 dic
684 3028 739 3084 ei
786 3028 931 3100 quia
979 3029 1179 3083 multis
1228 3033 1367 3086 sunt
1419 3046 1615 3087 causa:
1643 3031 1700 3086 in
1746 3054 1952 3111 crure
1979 3051 2163 3107 quam
2187 3035 2249 3088 in
2305 3050 2413 3088 sua
2442 3047 2744 3105 quemque
2801 3030 3032 3088 civitate
3084 3029 3474 3102 habitavisse,

48 3123 375 3191 conspectu
405 3134 541 3175 meo
574 3118 800 3188 positae,
826 3135 961 3190 quae
986 3118 1226 3175 alterius
1252 3118 1478 3189 judicio
1501 3118 1707 3178 ﬁnien-

49 3206 140 3264 dae
172 3210 365 3264 erunt.
402 3230 429 3256 »
468 3206 573 3262 Ubi
621 3207 788 3262 vides
837 3207 989 3263 inter
1044 3207 1396 3280 episcopum
1453 3213 1510 3264 et
1531 3208 1709 3266 comi-

52 3300 168 3351 tem
211 3295 672 3366 Lugdunensem
738 3295 813 3352 de
833 3295 1243 3367 jurisdictione
1269 3298 1707 3355 contentionem

46 3384 249 3442 fuisse.

47 3475 195 3547 (140)
224 3476 349 3533 Pro
378 3476 603 3531 meritis
624 3490 821 3533 omnes
847 3482 1155 3534 assumant
1177 3478 1635 3536 emolumentum

47 3563 366 3634 (Ezeipiar
394 3566 553 3620 solus
585 3570 782 3620 vestra
802 3580 935 3620 eum
956 3569 1130 3633 pace)
1160 3565 1382 3635 ﬁdeles.

119 3654 342 3709 Omnes
372 3653 476 3725 qui
504 3652 605 3708 tibi
653 3652 859 3708 ﬁdeles
917 3660 1074 3722 sunt,
1127 3668 1236 3725 pro
1291 3652 1411 3711 suis
1448 3652 1705 3724 quisque

49 3742 270 3798 meritis
302 3757 340 3798 a
361 3746 433 3808 te,
462 3757 585 3808 rex,
618 3741 911 3798 beneﬁcia
942 3742 1259 3814 accipiant,
1292 3758 1389 3798 me
1413 3757 1534 3798 uno
1566 3757 1704 3799 cum

49 3834 150 3886 tua
174 3846 327 3903 pace
355 3835 621 3903 excepto.
652 3833 891 3887 locatur
920 3830 1237 3897 Adalbero,
1270 3835 1327 3885 et
1380 3829 1704 3887 Bobertum

47 3921 241 3991 arguit
268 3921 363 3976 his
392 3920 592 3976 verbis
648 3920 808 3976 velut
837 3921 898 3976 in
940 3936 1169 3987 omnes,
1218 3925 1617 3993 printerquam
1645 3921 1704 3975 in

47 4025 129 4078 se,
158 4009 524 4082 beneﬁcum,
558 4009 674 4077 cui,
704 4009 978 4081 inquam,
1038 4014 1120 4064 tot
1149 4014 1206 4064 et
1228 4014 1391 4069 tanta
1439 4009 1701 4069 deberet.

45 4100 193 4155 Nam
255 4098 554 4157 Adalbero
605 4099 960 4157 Laudunum
1012 4098 1408 4173 Carolumque
1474 4099 1706 4173 Hugoni

48 4187 469 4260 Rotbertoque.
502 4204 757 4256 regnum
796 4203 919 4243 una
947 4187 1248 4243 ambobus
1279 4188 1595 4247 contulisse
1624 4190 1705 4245 vi-

45 4275 321 4335 debatur.
351 4276 519 4341 Quod
574 4276 884 4331 Hotbertus
939 4292 1294 4345 agnoscens,
1328 4294 1470 4335 mox
1517 4278 1706 4348 gratia

1813 3136 1906 3187 vel
1927 3126 2179 3184 otiantes
2208 3122 2481 3188 molliter,
2513 3120 2608 3177 vel
2652 3135 2821 3177 more
2866 3119 3201 3177 villicorum
3231 3119 3471 3179 sordide

1814 3218 2186 3289 rusticantes,
2219 3217 2275 3269 et
2295 3228 2577 3279 agrorum
2617 3225 2866 3267 suorum
2911 3208 3106 3279 magis
3151 3224 3337 3281 quam
3365 3224 3472 3282 po-

1815 3306 1941 3381 puli
1969 3303 2084 3361 sibi
2112 3301 2414 3359 commissi
2446 3315 2655 3358 curam
2684 3302 2953 3370 gerentes
2988 3315 3002 3354 :
3033 3296 3278 3357 eosdem
3309 3312 3469 3370 sape

1813 3396 1875 3455 in
1899 3392 2140 3467 judiciis
2172 3408 2207 3448 a
2229 3392 2361 3462 jure
2387 3404 2683 3463 (equoque
2709 3387 3045 3455 recessisse,
3066 3390 3124 3443 et
3149 3385 3372 3458 iniquis
3397 3401 3470 3449 ac

1814 3483 2139 3558 rapacibus
2165 3479 2436 3537 diaconis
2484 3494 2692 3537 curam
2720 3476 2974 3549 inopum
3031 3475 3470 3550 viduas-umque

1814 3570 2202 3641 delegavisse,
2244 3584 2314 3623 ac
2339 3567 2587 3621 demum
2642 3569 2870 3637 septem
2916 3564 3098 3627 horas
3147 3564 3471 3625 canonicam

1814 3664 1942 3716 tum
1974 3658 2198 3729 ubique
2245 3661 2301 3711 et
2330 3655 2409 3710 ab
2439 3652 2722 3710 omnibus
2750 3652 2977 3713 clericis
3005 3653 3068 3713 in
3115 3652 3469 3715 occidentali

1817 3748 2061 3805 Francia
2085 3751 2289 3803 exacte
2320 3759 2442 3799 non
2489 3759 2625 3799 esse
2655 3746 2915 3801 servatas
2964 3742 3044 3802 ad
3089 3741 3467 3804 laudandum

1816 3842 2021 3901 Deum.
2040 3840 2097 3891 et
2125 3834 2203 3891 ad
2224 3833 2491 3907 psalmos
2518 3833 2903 3905 hymnosque
2924 3831 3470 3893 concinendosﬁn-

1813 3933 2003 3985 terum
2027 3925 2469 3995 permissionem
2492 3923 2692 3992 patris
2736 3926 2912 3983 vocat
2949 3922 3262 3983 Rotbertus
3289 3922 3468 3983 Adal-

1815 4015 2055 4073 beronis
2083 4020 2243 4080 vota,
2261 4013 2405 4086 quia
2433 4012 2526 4069 bis
2554 4011 2854 4071 Adalbero
2879 4012 3008 4073 hinc
3038 4012 3297 4085 permitti
3320 4028 3468 4070 cun-

1813 4106 1940 4171 etis,
1964 4106 2092 4161 hinc
2117 4103 2290 4163 licere
2319 4104 2645 4175 cupiverat:
2671 4103 2876 4164 Liceat
2894 4105 3124 4164 cunctis
3151 4118 3327 4161 orare
3352 4103 3471 4161 die.

1816 4196 1941 4252 bus.
1976 4199 2117 4250 Item
2148 4211 2160 4249 :

1812 4284 2100 4351 Septenos
2134 4284 2308 4341 liceat
2344 4283 2550 4340 laudes
2566 4283 2850 4351 proferre
2872 4296 2985 4355 per
3015 4281 3213 4340 horas.

46 4381 181 4420 eum
216 4381 330 4469 sua
362 4365 647 4463 .gaudere
668 4366 859 4436 jubet,
909 4381 978 4421 ac
1007 4365 1181 4435 regiis
1213 4367 1557 4422 muneribu»
1647 4367 1706 4423 .it
1743 4411 1785 4469 Ι)
1818 4372 1967 4442 (Mi)
1997 4373 2129 4428 Non
2159 4374 2301 4442 quia
2330 4371 2575 4436 deliras,
2606 4371 2711 4430 sed
2733 4369 2900 4427 nobis
2928 4370 3307 4439 allegorizas.

45 4469 180 4509 esse
206 4452 631 4521 dignissimum
667 4471 679 4508 :

47 4544 260 4600 Gratia
293 4544 596 4609 conﬁrmet
629 4548 702 4611 te,
731 4545 976 4611 praesul,
1007 4543 1332 4614 Adalbero,
1358 4545 1584 4601 Christi
1611 4562 1632 4601 .’

45 4633 269 4689 Nostra
301 4631 482 4685 simul
510 4646 533 4684 .-
553 4634 763 4686 merito
794 4634 988 4702 regali
1013 4648 1259 4689 munere
1286 4634 1520 4703 dignus.

49 4723 191 4791 (141)
219 4721 507 4788 Septenos
531 4719 705 4774 liceat
729 4722 939 4779 laudes
959 4722 1240 4790 proferre
1260 4739 1375 4792 per
1403 4723 1582 4780 horas
1616 4742 1628 4780 ε

114 4814 392 4881 Septena:
444 4806 648 4863 laudes
672 4822 784 4875 per
820 4809 1000 4864 horas
1050 4814 1299 4866 statutas
1322 4814 1703 4881 proferenda?

48 4902 290 4970 Deoque
314 4895 635 4953 referendae
661 4913 697 4951 a
725 4896 949 4953 clericis
977 4897 1039 4952 in
1058 4897 1332 4959 Ecclesia.
1362 4906 1499 4956 sunt
1520 4905 1701 4961 Matu—

1818 4463 2035 4516 Sensus
2065 4465 2155 4515 est
2176 4459 2496 4515 verborum
2524 4476 2535 4513 :
2570 4481 2599 4508 ‹‹
2628 4457 2852 4515 Praasul
2905 4456 3224 4523 Adalbero,
3274 4457 3465 4526 gratia

1813 4549 2019 4605 Christi
2046 4553 2102 4604 et
2131 4548 2308 4607 simul
2351 4552 2554 4607 nostra
2592 4550 2645 4603 te
2703 4545 3034 4602 conﬁrmet.
3085 4544 3285 4616 Reguli
3333 4561 3463 4601 mue

1810 4654 1950 4694 nere
1982 4637 2200 4704 dignus
2223 4652 2305 4702 es,
2355 4636 2500 4707 quia
2528 4651 2652 4691 non
2678 4635 2917 4701 deliras,
2973 4634 3083 4691 sed
3113 4634 3461 4703 allegoriae:

1811 4727 2005 4792 nobis,
2040 4748 2067 4776 »
2099 4741 2203 4780 seu
2229 4741 2335 4797 per
2364 4723 2677 4794 allegorias
2696 4722 2971 4781 facienda
2995 4737 3108 4780 nos
3135 4722 3337 4788 doces,
3366 4722 3461 4779 fu-

1811 4814 2030 4886 gienda
2056 4829 2164 4869 nos
2194 4829 2424 4870 mones.
2482 4817 2563 4870 lta
2620 4829 2682 4869 se
2712 4829 2815 4870 rex
2842 4818 3107 4883 excusat,
3147 4812 3253 4884 qui
3281 4818 3461 4868 antea

1811 4903 2251 4961 Adalberonem
2282 4919 2403 4960 non
2427 4919 2641 4961 sanum
2670 4906 3007 4959 vocaverat.
