3892 6402
92 266 199 320 829

1622 266 1993 324 EPISTOLE.

3410 280 3514 335 830

88 403 298 442 meum
325 402 472 452 esse,
509 391 566 440 et
595 403 794 443 rerum
827 406 1098 446 mearum
1131 409 1340 447 curam
1378 391 1746 456 habiturum,
1790 394 1828 446 A
1864 391 1912 446 si
1931 398 2301 453 consuetudo
2331 399 2502 455 fuerit
2533 400 2677 456 illud
2708 401 2823 456 texi
2854 400 3022 472 apud
3051 404 3365 456 nostrates.
3401 405 3512 458 Nec

90 476 139 529 si
173 491 328 547 opus
359 479 530 528 esset.
564 475 682 529 Hoc
707 477 908 532 scitote
937 479 1079 550 quia
1117 480 1162 534 si
1218 480 1433 535 nostris
1483 479 1752 551 partibus

88 564 376 628 faveritis,
431 581 741 636 nunquam
771 567 997 623 vidistis
1025 574 1144 624 tam
1177 570 1370 624 bonos
1398 569 1522 623 dies
1571 585 1755 642 quam

62 675 63 686 π
91 655 224 709 illos
255 653 478 724 quibus
505 669 614 708 nos
645 653 702 708 in
736 655 901 710 illum
955 659 1247 714 honorem
1297 659 1557 714 mittetis.
1610 661 1755 712 Nam

89 743 303 797 omnia
329 749 533 796 nostra
555 743 967 814 proculdubio
1015 752 1210 801 vestra
1259 751 1450 801 erunt.
1505 745 1756 796 Reman-

91 832 233 886 date
268 831 412 886 mihi
442 848 624 902 quam
659 832 808 887 bene
831 851 1078 904 possum
1121 836 1419 891 conlidere
1463 835 1520 889 in
1554 849 1756 888 amore

89 927 292 976 vestro
315 925 372 976 et
400 921 720 992 adjutorio.
753 923 968 979 Valete.

712 1050 1044 1104 EPISTULA
1084 1054 1149 1105 ΙΙΙ

99 1171 294 1208 LliONlS
339 1169 733 1208 VERCELLENSIS
774 1172 1017 1210 EPIStIOPl
1067 1175 1135 1210 AD
1180 1173 1524 1212 GUILLEI.ML‘M
1556 1173 1752 1210 DUCHM.

166 1279 425 1334 Domino
456 1281 776 1334 GUILLELMO
803 1280 962 1346 duci,
997 1281 1174 1337 frater
1199 1286 1307 1337 Leo
1339 1282 1662 1336 servitium.

165 1373 246 1423 Ne
285 1368 545 1437 tristeris,
575 1369 764 1424 amice
797 1370 1166 1440 charissime,
1197 1372 1242 1426 si
1286 1371 1659 1440 Longobardi
1704 1375 1755 1425 te

91 1459 479 1529 decepcrunt.
519 1461 636 1526 Ego
666 1465 819 1514 certe
844 1461 1136 1532 optimum
1187 1461 1288 1516 tibi
1347 1462 1508 1516 dabo
1562 1460 1755 1515 consi-

93 1548 265 1614 lium,
297 1548 343 1601 si
374 1548 519 1602 mihi
544 1549 783 1603 credere
815 1550 1231 1606 volueris.Esto
1263 1552 1348 1606 vir
1379 1551 1562 1615 fortis,
1595 1556 1650 1605 ct
1681 1550 1755 1605 de

91 1637 404 1708 prmteritis
431 1654 504 1692 ne
536 1655 726 1702 cures,
760 1639 833 1692 de
865 1639 1076 1693 futuris
1135 1656 1366 1694 caveas.
1431 1643 1532 1694 Per
1585 1645 1750 1693 tuum

90 1725 514 1780 ﬁdelissimum
545 1727 851 1781 hominem
887 1729 1028 1782 mihi
1056 1729 1279 1784 manda
1306 1728 1448 1800 quid
1485 1728 1628 1781 velis
1677 1727 1756 1782 fa-

94 1832 248 1882 cere,
297 1819 355 1869 et
404 1831 516 1884 ego
567 1816 862 1886 optimum
893 1817 997 1871 tibi
1027 1817 1188 1871 dabo
1211 1817 1546 1872 consilium.
1607 1817 1754 1873 Mitte

96 1904 239 1959 mihi
278 1903 504 1958 mulam
535 1905 894 1968 mirabilem,
929 1911 984 1960 ct
1016 1907 1248 1960 frenum
1294 1907 1640 1978 pretiosum,
1701 1910 1757 1960 et

96 1999 366 2067 tapetum
394 1994 685 2058 mirabile,
721 2011 829 2066 pro
870 2013 990 2067 quo
1024 2001 1074 2050 te
1103 1998 1305 2062 rogavi
1337 2002 1471 2051 ante
1504 2013 1604 2050 sex
1654 2012 1756 2050 an-

98 2100 223 2138 nos.
257 2089 446 2137 Amen
481 2083 616 2137 dico
650 2083 772 2147 tibi,
802 2101 922 2138 non
955 2086 1168 2156 perdes
1204 2086 1538 2139 mercedem
1569 2091 1752 2150 tuam,

98 2178 151 2228 et
178 2173 484 2245 quidquid
521 2173 776 2227 volucris
807 2173 969 2228 dabo
1003 2174 1124 2238 tibi,
1155 2175 1310 2229 Vale.

713 2301 1053 2355 EPISTOLA
1093 2303 1158 2355 IV

186 2421 480 2460 CUILLELMI
520 2422 590 2459 Αῐ)
634 2422 843 2460 LEONEM
885 2423 1186 2461 EPISCOPITM
1229 2424 1662 2462 VERCELLENSEM.

175 2529 428 2584 Domino
463 2532 628 2583 [λιεοΜ
661 2529 1117 2586 Vercellensium
1162 2531 1445 2603 episcopo
1505 2534 1763 2585 Gt'll.LEl.-

106 2635 210 2672 Mt's
245 2619 628 2685 Pictavensis,
659 2619 889 2673 amicus
922 2623 1051 2688 ejus
1084 2620 1468 2687 clarissimus,
1511 2619 1760 2672 salutem

105 2713 157 2762 et
187 2708 516 2762 servitium.

175 2797 409 2852 Minime
433 2797 648 2865 tristor,
684 2796 1050 2856 charissime,
1106 2814 1285 2868 super
1338 2795 1761 2862 Longobardo-

105 2905 234 2942 rum
267 2886 641 2957 deceptione.
675 2890 800 2940 Non
831 2887 990 2940 enim
1013 2887 1375 2958 deceperunt
1401 2885 1639 2956 me,qui
1665 2900 1764 2939 ne-

107 2993 418 3046 quaquam
453 2975 802 3029 habuissem
847 2976 1024 3030 tidem
1070 2976 1378 3046 promissis
1420 2991 1647 3030 eorum.
1687 2977 1762 3028 De

109 3065 415 3136 praeteritis
441 3080 648 3119 eorum
682 3064 927 3118 fallaciis
955 3080 1065 3132 ego
1096 3081 1218 3118 non
1242 3082 1406 3130 curo,
1448 3064 1520 3117 de
1552 3062 1761 3116 futuris

107 3170 207 3225 per
239 3154 338 3208 Dei
367 3153 619 3221 gratiam
650 3152 794 3206 mihi
827 3153 1074 3206 cavebo.
1108 3157 1234 3207 Non
1290 3169 1505 3224 parum
1563 3156 1762 3206 autem

108 3243 300 3297 minor
323 3242 396 3296 de
422 3246 474 3295 te
506 3242 607 3312 qui
664 3246 719 3295 et
768 3241 1020 3296 multam
1080 3242 1510 3313 praeteritorum
1581 3239 1764 3294 habes

112 3331 486 3400 memoriam,
519 3335 575 3386 et
610 3347 729 3386 non
757 3331 955 3385 minus
990 3331 1323 3387 futurorum
1377 3331 1617 3402 jactaris
1665 3331 1765 3384 ha-

110 3424 242 3477 bere
323 3420 779 3492 providentiam,
839 3420 1004 3490 quod
1059 3420 1211 3474 illius
1267 3420 1526 3474 (iunonis
1587 3418 1765 3491 parti-

114 3513 225 3567 bus
257 3511 636 3578 consensisti,
665 3511 767 3581 qui
801 3527 908 3564 ncc
936 3512 994 3563 in
1029 3527 1139 3564 sua
1178 3516 1329 3564 terra
1379 3509 1603 3579 aliquid
1664 3510 1764 3564 tibi

115 3617 381 3672 unquam
414 3599 679 3667 donavit,
710 3617 904 3670 neque
933 3615 1110 3670 posse
1139 3599 1364 3652 donare
1425 3599 1622 3662 fertur,
1656 3615 1764 3655 nec

111 3690 333 3762 aliquid
393 3689 624 3744 auferre
684 3690 743 3744 in
789 3705 974 3755 regno
1009 3688 1200 3743 Italiae.
1256 3687 1370 3742 Sed
1399 3687 1676 3758 quamvis
1704 3689 1762 3741 in

110 3781 216 3835 hac
247 3795 432 3835 causa
462 3795 583 3833 non
615 3779 765 3834 bene
796 3778 1026 3833 tibimet
1057 3776 1427 3831 consuluisse
1485 3777 1760 3842 videaris,

110 3876 163 3924 et
193 3869 337 3925 mihi
372 3869 602 3924 amicos
629 3885 796 3923 meos
823 3867 1103 3940 probanti
1128 3865 1478 3932 suffragium
1530 3865 1762 3920 nullum

110 3958 455 4026 praebueris,
484 3957 843 4030 exspectabo
866 3961 1066 4011 tamen
1092 3955 1236 4010 illud
1268 3955 1562 4025 optimum
1620 3970 1763 4008 con-

109 4049 302 4104 silium
334 4047 501 4119 quod
528 4047 674 4102 mihi
703 4051 755 4103 te
784 4047 1067 4102 daturum
1097 4044 1410 4118 promittis,
1445 4043 1492 4097 si
1518 4043 1614 4097 tibi
1643 4060 1764 4098 cre-

108 4137 243 4192 dere
275 4136 538 4192 voluero.
572 4135 783 4191 Manda
815 4151 956 4202 ergo
988 4135 1134 4190 mihi
1180 4149 1286 4206 per
1342 4133 1564 4188 litteras
1621 4148 1768 4203 quo-

109 4227 288 4282 modo
321 4242 413 4281 v15
448 4229 510 4280 ut
541 4225 645 4279 tibi
671 4225 934 4286 credam,
979 4229 1035 4280 et
1094 4241 1226 4296 quae
1276 4222 1568 4277 beneficia
1620 4221 1767 4276 mihi

106 4315 459 4393 provenient
485 4329 593 4386 per
618 4319 788 4370 tuum
823 4313 1158 4382 consilium,
1192 4330 1263 4368 ex
1293 4313 1453 4366 dono
1485 4311 1636 4365 illius
1657 4304 1766 4366 Cu-

109 4405 304 4475 nonis,
340 4403 389 4458 si
420 4418 672 4469 regnum
699 4401 894 4471 ltalite,
923 4403 1087 4474 quod
1120 4401 1264 4457 mihi
1304 4400 1682 4472 promittitur,
1714 4403 1770 4453 et

109 4495 272 4564 quod
305 4491 561 4564 adipisci
592 4507 856 4564 possem,
884 4495 1001 4546 Deo
1027 4491 1278 4556 volente,
1310 4490 1356 4544 si
1380 4489 1636 4544 multum
1667 4505 1768 4542 cu-

113 4598 334 4651 rarem,
358 4596 625 4655 quaerere
655 4579 1169 4634 desidero.Mulam
1184 4595 1371 4652 quam
1399 4577 1618 4646 rogasti
1650 4591 1769 4632 non

107 4687 361 4743 possum
388 4669 468 4725 ad
498 4685 762 4743 prrcsens
791 4668 893 4723 tibi
916 4669 1165 4733 mittere,
1200 4669 1344 4740 quia
1403 4683 1525 4722 non
1575 4667 1770 4722 habeo

109 4759 284 4814 talem
303 4756 546 4830 qualem
574 4757 652 4812 ad
681 4772 836 4828 opus
871 4762 1041 4812 tuum
1073 4757 1308 4824 vellem,
1344 4771 1452 4810 nec
1483 4755 1773 4829 reperitur

109 4850 166 4904 in
209 4847 432 4903 nostris
465 4846 736 4919 partibus
763 4846 928 4902 mula
977 4851 1249 4912 cornuta,
1315 4846 1404 4901 vel
1467 4861 1602 4917 quae
1657 4850 1771 4900 tres

110 4938 336 4994 caudas
369 4935 611 5004 habeat,
644 4934 734 4990 vel
763 4934 1030 5007 quinque
1057 4935 1259 5005 pedes,
1294 4934 1387 4988 vel
1420 4934 1534 4988 alia
1561 4933 1771 5003 hujus-

109 5027 292 5096 modi,
357 5030 422 5081 ut
478 5040 740 5091 congrue
796 5024 992 5096 possis
1015 5024 1209 5079 dicere
1249 5040 1381 5078 eam
1414 5023 1769 5079 mirabilem.

108 5115 327 5174 Mittam
358 5130 503 5171 vero
537 5114 658 5180 tibi,
687 5130 873 5186 quam
907 5113 1076 5168 citius
1105 5119 1334 5184 potero,
1384 5128 1571 5167 unam
1622 5113 1772 5184 opti-

107 5221 268 5262 mam
301 5221 376 5260 ex
404 5202 751 5260 melioribus
779 5219 932 5274 quas
975 5202 1232 5273 reperire
1267 5201 1492 5272 possim
1545 5201 1606 5258 in
1664 5217 1772 5256 no-

109 5296 224 5348 stra
255 5291 474 5364 patria,
509 5308 649 5346 cum
675 5290 842 5346 freno
871 5291 1150 5362 pretioso.
1186 5294 1474 5348 Caeterum
1505 5293 1773 5361 tapetum

110 5379 210 5436 tibi
241 5396 492 5454 possem
523 5380 776 5438 mittere.
809 5379 922 5433 nisi
950 5379 1199 5434 fuissem
1259 5378 1476 5434 oblitus
1533 5384 1772 5450 quanta?

108 5468 502 5540 longitudinis
527 5474 584 5525 et
612 5469 939 5524 latitudinis
972 5473 1238 5541 tapetum
1264 5469 1390 5540 jam
1418 5468 1650 5523 dudum
1683 5485 1771 5523 re-

111 5559 365 5629 quisisti.
405 5560 759 5614 Rememora
797 5573 958 5626 ergo,
1013 5573 1240 5628 precor,
1291 5573 1475 5630 quam
1525 5557 1770 5624 longum

110 5653 164 5703 et
190 5649 384 5706 latum
409 5665 538 5703 esse
565 5646 728 5714 velis,
763 5651 819 5701 et
851 5646 1110 5702 mittetur
1135 5646 1257 5714 tibi,
1293 5645 1340 5700 si
1368 5646 1633 5701 invenire
1663 5663 1772 5718 po-

111 5740 294 5796 tuero.
334 5740 435 5795 Sin
467 5741 690 5803 autem,
716 5734 945 5808 jubebo
971 5734 1076 5791 tibi
1100 5735 1225 5793 ﬁeri
1260 5751 1446 5809 quare
1487 5735 1765 5803 volueris,

1864 496 1972 551 pro
2006 483 2094 537 his
2120 502 2326 557 quaero
2363 487 2700 542 mercedem
2720 488 2884 544 illam
2907 504 3090 559 quam
3110 488 3423 562 polliceris,
3454 493 3517 545 ut

1867 570 2054 626 dones
2089 574 2231 629 mihi
2263 592 2639 649 quascunque
2668 576 2914 632 voluero
2944 596 2956 645 ;
2999 578 3164 650 quod
3216 577 3339 634 ﬁeri
3393 594 3517 635 non

1867 666 2078 731 potest.
2113 666 2249 719 Peto
2282 671 2480 720 autem
2513 671 2576 720 ut
2629 667 2860 722 etiamsi
2918 667 3064 722 nihil
3110 667 3332 724 dedero
3391 667 3514 725 tibi.

1867 766 2100 804 memor
2131 752 2208 805 sis
2239 753 2354 808 mei
2384 754 2441 808 in
2467 754 2837 810 orationibus
2870 756 3003 822 tuis,
3038 760 3095 811 et
3119 772 3251 811 ores
3279 773 3389 829 pro
3418 773 3516 812 me

1868 843 1931 892 ut
1968 838 2296 896 inhabitcm
2340 842 2398 897 in
2455 843 2639 898 domo
2694 843 2926 900 Domini
2977 844 3259 901 omnibus
3301 845 3516 900 diebus

1865 927 1994 982 vitae
2029 945 2198 998 meas,
2230 936 2293 986 ut
2314 931 2547 986 videam
2575 933 2942 989 voluntatem
2979 934 3231 999 Domini,
3277 939 3332 990 et
3381 950 3517 1008 pro-

1866 1022 2032 1082 tegar
2062 1034 2096 1074 a
2128 1020 2348 1092 templo
2381 1027 2588 1078 sancto
2615 1023 2764 1092 ejus.
2793 1025 2856 1077 Et
2882 1023 3025 1078 illud
3057 1024 3352 1097 optimum
3379 1040 3518 1080 con-

1868 1105 2084 1177 silium,
2117 1109 2281 1180 quod
2311 1111 2454 1166 mihi
2479 1111 2760 1183 spondes,
2794 1127 2868 1167 ne
2919 1111 3185 1168 differas.
3248 1113 3509 1169 Promis-

1868 1195 2063 1252 siones
2098 1203 2208 1253 tuas
2232 1200 2491 1255 excitant
2520 1217 2617 1256 me
2643 1201 2863 1256 habere
2885 1203 2946 1258 in
2979 1207 3030 1258 te
3068 1203 3320 1260 multam
3369 1203 3514 1258 ﬁdu-

1867 1289 2041 1351 ciam,
2067 1288 2207 1359 quia
2230 1306 2432 1344 meum
2459 1296 2544 1345 est
2573 1291 2768 1347 amico
2797 1292 3055 1358 credere,
3081 1297 3137 1348 et
3165 1292 3239 1348 de
3269 1292 3520 1364 promis-

1868 1376 1945 1428 sis
1979 1377 2107 1444 ejus
2138 1392 2258 1431 non
2286 1378 2552 1434 difﬁdere
2579 1398 2591 1446 ;
2625 1384 2681 1435 et
2707 1397 2912 1436 meum
2937 1386 3046 1449 est,
3074 1386 3177 1437 aut
3202 1397 3517 1454 nunquam

1867 1466 2229 1536 promittere,
2264 1474 2367 1522 aut
2389 1469 2685 1538 promissa
2714 1470 3061 1542 adimplere.
3096 1471 3377 1542 Superius
3403 1486 3517 1524 ser-

1866 1569 2043 1608 mone
2076 1560 2279 1610 nostro
2310 1556 2542 1611 lusinus
2600 1562 2818 1623 tecum,
2875 1559 3096 1614 domne
3157 1562 3291 1627 Leo,
3342 1559 3520 1614 frater

1867 1643 2212 1698 charissime
2240 1663 2252 1704 ;
2283 1661 2441 1700 nunc
2476 1646 2626 1701 seria
2655 1647 2833 1702 verba
2862 1647 3148 1704 dicemus.
3178 1648 3518 1714 Longobar-

1865 1732 1975 1786 dos
2007 1749 2126 1788 non
2159 1749 2347 1803 arguo
2369 1734 2762 1810 deceptionis,
2786 1753 2972 1808 quam
2997 1738 3056 1793 in
3094 1753 3190 1792 me
3247 1753 3518 1792 exercere

1866 1820 2083 1874 vellent
2108 1828 2402 1892 quantum
2445 1823 2503 1876 in
2535 1824 2677 1894 ipsis
2733 1825 2853 1879 fuit.
2903 1827 3143 1880 Partum
3194 1830 3317 1881 erat
3372 1825 3518 1881 mihi

1867 1927 2121 1979 regnum
2148 1912 2342 1979 Italiae,
2377 1913 2426 1968 si
2481 1930 2670 1968 unum
2731 1914 2920 1968 facere
2975 1915 3298 1970 voluissem
3353 1913 3519 1986 quod

1867 1999 2034 2054 nefas
2059 1999 2340 2069 judicavi,
2372 2001 2589 2055 scilicet
2620 2019 2692 2056 ex
2719 2002 3022 2058 voluntate
3047 2019 3256 2058 eorum
3286 2002 3518 2074 episco-

1869 2105 1978 2160 pos
2010 2088 2113 2160 qui
2135 2093 2334 2144 essent
2361 2089 2534 2145 Italiae
2565 2090 2951 2162 deponerem,
2983 2095 3039 2146 et
3080 2091 3227 2146 alios
3281 2108 3517 2146 rursum

1870 2177 2106 2232 illorum
2135 2178 2377 2233 arbitrio
2408 2179 2719 2235 elevarem.
2753 2180 2866 2235 Sed
2895 2180 3049 2234 absit
3076 2197 3110 2235 a
3143 2196 3237 2235 me
3261 2196 3387 2234 rem
3416 2181 3522 2234 hu-

1866 2266 2369 2338 jusmodifacere,
2399 2273 2752 2340 utpastores
2787 2268 3074 2332 Ecclesiae.
3129 2267 3350 2340 quibus
3407 2267 3522 2322 mei

1871 2359 2068 2426 patres
2100 2371 2336 2427 semper
2366 2356 2655 2411 honorem
2688 2355 3103 2422 exhibuerunt,
3133 2361 3187 2412 et
3209 2373 3362 2429 quos
3399 2356 3525 2428 ipse

1872 2448 2167 2514 quantum
2203 2443 2364 2498 valui
2393 2460 2629 2515 semper
2661 2443 2936 2514 exaltavi,
2962 2445 3086 2502 sine
3145 2444 3388 2500 crimine
3433 2443 3525 2498 in-

1871 2531 2182 2584 honorem.
2219 2531 2338 2586 Sub
2370 2532 2482 2586 hac
2515 2531 2853 2587 conditione
2887 2532 3101 2587 vellent
3126 2532 3376 2603 quidam
3407 2530 3523 2602 pri-

1873 2637 2110 2675 morum
2142 2621 2318 2675 Italire
2351 2637 2446 2675 me
2472 2637 2577 2674 seu
2606 2619 2793 2675 ﬁlium
2828 2638 3030 2678 meum
3075 2637 3277 2690 regem
3309 2620 3520 2674 facere.

1874 2709 1997 2760 Non
2029 2707 2292 2761 laudavit
2332 2708 2478 2761 mihi
2520 2708 2677 2761 hanc
2727 2708 3178 2780 vituperabilem
3234 2707 3522 2762 conditio-

1872 2812 2009 2849 nem
2038 2796 2301 2867 prudens
2325 2797 2590 2850 marchio
2621 2797 3018 2863 Meginfridus,
3056 2812 3164 2851 nec
3186 2796 3364 2850 frater
3392 2796 3522 2865 ejus

1875 2885 2100 2940 Alricus
2131 2887 2326 2940 bonus
2357 2886 2695 2958 episcopus,
2740 2903 2998 2956 quorum
3056 2902 3150 2940 me
3202 2886 3521 2940 sanissimo

1873 2975 2227 3047 plerumque
2257 2975 2337 3030 uti
2367 2975 2612 3030 consilio
2642 2991 2956 3046 nunquam
3013 2975 3304 3046 paenituit.
3360 2976 3520 3038 Quos

1877 3081 2058 3136 supra
2099 3080 2308 3117 omnes
2373 3063 2544 3118 Italos
2595 3063 3019 3134 praestantioris
3066 3062 3304 3131 ingenii,
3364 3061 3520 3130 ﬁdei,

1875 3154 2154 3208 bonitatis
2185 3170 2314 3208 esse
2346 3169 2579 3207 censeo.
2614 3154 2668 3207 Si
2699 3153 2842 3224 quid
2872 3169 3068 3207 rerum
3099 3168 3372 3206 mearum
3422 3151 3526 3205 tibi

1875 3259 1984 3314 pro
2016 3241 2510 3313 certoplacucrit,
2541 3242 2705 3312 quod
2737 3241 2965 3296 mittere
2999 3240 3246 3312 possim,
3280 3243 3383 3294 aut
3419 3239 3523 3294 de-

1877 3331 2072 3392 beam.
2109 3346 2227 3386 non
2260 3335 2312 3386 te
2344 3330 2722 3386 frustrabitur
2747 3345 2885 3402 spes
2923 3334 3044 3386 tua.
3079 3332 3329 3401 Equam
3380 3327 3523 3382 mihi

1875 3436 2080 3492 quaeso
2112 3419 2371 3489 repende
2402 3418 2615 3483 vicem,
2646 3424 2710 3472 ut
2735 3423 2790 3472 et
2813 3418 2937 3488 ipse
2968 3418 3121 3471 votis
3157 3417 3303 3472 meis
3332 3417 3526 3486 impa-

1875 3524 2001 3561 rem
2028 3511 2082 3560 te
2107 3523 2228 3560 non
2262 3505 2506 3560 efﬁcias.
2541 3511 2598 3559 In
2630 3505 2906 3576 proxima
2937 3509 3189 3559 ventura
3218 3503 3526 3559 festivitate

1875 3601 2094 3651 sanctae.
2124 3595 2224 3648 Dei
2257 3594 2558 3648 Genitricis
2589 3593 2775 3648 Mariaa
2825 3593 3043 3647 litteras
3096 3597 3227 3646 tuas
3273 3597 3416 3663 opto
3446 3591 3527 3645 vi-

1873 3686 2031 3754 dere,
2059 3683 2279 3754 quibus
2307 3682 2489 3736 animi
2519 3683 2600 3736 tui
2631 3685 2855 3736 secreta
2886 3681 3080 3735 amico
3103 3687 3204 3735 tuo
3234 3680 3526 3734 fidissimo

1871 3775 2234 3848 pandantur.
2260 3777 2320 3826 ln
2349 3771 2576 3827 Christo
2605 3771 2792 3841 vivas,
2835 3770 3055 3840 valeas,
3095 3770 3369 3835 vivendo,
3428 3786 3532 3824 va-

1872 3865 2068 3922 lendo.

2492 3953 2826 4008 EPISTOLA
2865 3953 2907 4005 V

1912 4058 2200 4098 GlllLLELMI
2242 4059 2313 4096 AD
2354 4058 2670 4096 FULBERTUM
2710 4056 3100 4096 CAHNOTENSEH
3140 4056 3470 4096 EPISCOPUM.

1949 4131 2199 4188 Domino
2226 4133 2512 4187 Furseum
2542 4131 2870 4186 venerabili
2899 4131 3354 4186 Carnotensium
3407 4129 3532 4201 epi-

1876 4238 2079 4294 scopo.
2114 4223 2463 4276 GUILLELMUS
2484 4220 2582 4274 Dei
2614 4221 2803 4288 gratia
2835 4219 2959 4275 dux
2997 4219 3324 4291 Aquitaniae
3379 4217 3536 4274 salu-

1876 4315 1994 4365 tem
2023 4313 2079 4365 et
2099 4309 2311 4363 charas
2341 4309 2650 4363 amicitias.

1950 4404 2095 4455 Cum
2118 4400 2381 4471 primum
2405 4398 2482 4452 ad
2514 4414 2625 4452 nos
2652 4398 3004 4463 Pictavium,
3035 4395 3255 4468 praesul
3283 4393 3530 4466 optime,

1881 4488 2076 4542 venire
2100 4487 2381 4553 dignatus
2407 4502 2490 4553 es,
2523 4491 2579 4540 et
2633 4491 2853 4540 nostrae
2911 4485 3177 4557 petitioni
3222 4488 3284 4538 ut
3325 4499 3531 4540 curam

1878 4577 1991 4632 loci
2025 4575 2222 4631 Sancti
2255 4574 2452 4630 Hilarii
2507 4590 2740 4643 gereres
2789 4574 3185 4646 acquiescere,
3243 4571 3532 4641 gaudium

1879 4681 2171 4730 magnum
2195 4663 2302 4719 fuit
2331 4662 2525 4719 nobis.
2561 4663 2671 4718 Sed
2701 4663 2837 4718 huic
2869 4661 3092 4730 gaudio
3116 4661 3304 4717 multa
3362 4660 3536 4717 inter-

1881 4753 2373 4822 ccditaagritudo,
2403 4752 2566 4824 quod
2626 4751 2704 4806 ad
2759 4768 2868 4807 nos
2920 4750 3108 4806 redire
3160 4748 3530 4806 dissimulas.

1881 4844 2044 4900 Unde
2097 4849 2262 4898 tuam
2321 4858 2638 4914 precamur
2689 4840 2963 4907 gratiam,
3043 4839 3168 4898 noli
3242 4838 3534 4894 dimittere

1880 4932 2023 5004 quin
2051 4932 2274 4992 venias,
2302 4931 2345 4984 si
2370 4929 2494 4986 fieri
2524 4936 2719 5003 potest
2750 4929 2809 4984 in
2841 4928 3070 4986 octavis
3130 4931 3530 4983 Pentecosten.

1883 5023 1980 5078 Sin
2009 5025 2232 5092 autem,
2260 5019 2355 5074 vel
2385 5025 2518 5074 octo
2547 5019 2759 5074 diebus
2786 5022 2921 5074 ante
2953 5017 3318 5074 nativitatem
3346 5015 3535 5071 sancti

1881 5110 2123 5167 Joannis
2156 5109 2424 5182 Baptista:
2457 5113 2651 5164 tutum
2679 5109 2786 5164 iter
2814 5107 3176 5180 paciscimur
3201 5105 3304 5165 tibi
3325 5104 3537 5162 ambu—

1884 5200 2025 5256 lanti
2067 5215 2204 5253 cum
2237 5197 2459 5253 clericis
2491 5202 2546 5252 et
2575 5195 2972 5253 domesticicis
3009 5195 3144 5251 tuis.
3204 5193 3379 5268 Apud
3424 5209 3537 5249 nos

1883 5288 2025 5344 satis
2056 5287 2309 5346 militum
2339 5285 2612 5341 habebis.
2643 5285 2698 5341 Si
2725 5301 2846 5340 non
2878 5284 3169 5342 manseris
3218 5282 3536 5338 nobiscum

1880 5377 2015 5450 plus
2036 5392 2221 5450 quam
2253 5374 2469 5444 triduo,
2503 5374 2561 5428 in
2589 5373 2775 5446 ipsius
2808 5372 3090 5444 temporis
3125 5370 3372 5430 articulo
3403 5370 3536 5443 plu-

1882 5467 2104 5520 rimum
2134 5481 2247 5519 nos
2276 5462 2595 5520 recreabis.
2631 5463 2673 5520 Ο
2735 5462 2782 5516 si
2839 5460 3102 5517 venisses
3152 5461 3211 5516 in
3268 5459 3538 5532 proxime

1882 5555 2190 5630 praeteritis
2223 5552 2666 5622 Rogationibus,
2712 5555 3004 5623 quantam
3062 5551 3256 5618 nobis,
3314 5549 3538 5621 episco-

1880 5646 1972 5718 pis
1999 5644 2233 5709 nostris,
2271 5647 2328 5698 et
2356 5641 2745 5717 optimatibus
2779 5640 3252 5697 consolationem
3284 5641 3338 5693 et
3393 5636 3536 5692 laeti-

1881 5734 2024 5794 tiam
2053 5731 2327 5792 fecisses!
2360 5729 2709 5803 tempestive
2750 5730 2796 5785 si
2850 5729 3031 5790 velles
3084 5730 3402 5786 Carnotum
3457 5723 3535 5780 ad
