3892 6402
3851 71 3856 131 l

373 296 474 348 831
1376 286 1742 342 GUlLLELMI
1780 282 1980 339 DUCIS
2018 282 2414 348 AQUITANIE
2454 283 2780 340 DlPLOMA.
3736 288 3837 341 832

372 415 534 471 diem
560 414 777 469 festum
804 414 1187 467 Pentecosten
1208 426 1491 472 reversus,
1526 409 1615 465 vel
1668 409 1718 464 si
1770 412 1825 463 te
1874 408 2011 463 sub-
2048 412 2096 466 Α
2123 408 2385 464 amicum
2413 408 2629 464 obnixe
2659 409 2925 480 rogantis
2958 426 2970 464 :
3002 412 3068 464 ut
3096 408 3145 464 si
3176 425 3305 465 non
3334 413 3622 483 propter
3688 410 3835 466 ami-

372 504 593 560 ducere
617 501 815 568 velles,
857 516 931 556 ne
984 500 1097 555 ires
1155 500 1231 555 ad
1286 499 1510 555 curiam
1564 498 1793 555 domini
1838 498 2012 567 regis,

375 592 519 649 satis
551 591 868 645 honestam
900 605 1149 644 causam
1176 588 1506 643 habiturus.
1541 589 1728 653 Quem
1756 586 1816 641 in
1868 602 2015 658 pra:-

376 679 527 736 senti
558 677 718 733 adire
740 676 995 743 dimitto,
1052 677 1313 732 minores
1357 675 1693 731 inimicitias
1746 690 1843 730 me
1892 691 2017 728 sus-

376 776 684 841 cepturum
714 772 934 839 putans
980 766 1057 822 ob
1109 783 1309 822 meam
1357 765 1690 823 absentiam
1738 781 1922 838 quam
1971 763 2017 818 si

373 875 565 915 essem
595 873 731 912 cum
753 856 1001 912 domino
1030 872 1165 927 rege
1192 856 1285 911 vel
1310 857 1535 925 regina,
1585 872 1707 912 non
1773 869 2020 911 consen-

374 963 550 1003 surus
583 945 645 1000 in
676 945 1013 1001 ordinando
1043 961 1177 1015 rege
1207 945 1438 1017 absque
1458 961 1593 1000 meo
1614 944 1790 999 fratre
1817 943 2019 999 Odone

375 1036 612 1093 comite.
647 1037 835 1100 Quem
857 1035 1015 1090 enim
1044 1035 1171 1107 ipse
1201 1050 1401 1104 regem
1430 1034 1558 1090 ﬁeri
1620 1034 1888 1101 voluerit,
1936 1033 2021 1104 ip-

381 1141 517 1180 sum
556 1128 728 1205 et‘me
748 1123 897 1179 velle
925 1140 1034 1196 pro
1060 1129 1215 1179 certo
1238 1123 1534 1179 noveritis.
1568 1126 1647 1178 De
1700 1123 1828 1193 ejus
1883 1138 2021 1177 cum

378 1211 628 1268 domino
656 1227 792 1280 rege
823 1212 1137 1269 concordia
1169 1212 1461 1285 quidquid
1487 1212 1763 1278 audieris,
1825 1215 1881 1267 et
1918 1210 2023 1265 ubi

381 1302 473 1372 sit,
505 1301 553 1355 si
584 1300 757 1369 nosti,
782 1305 918 1373 peto
964 1301 1304 1371 rescribere,
1337 1306 1393 1357 et
1447 1302 1495 1357 si
1540 1301 1681 1357 novi
1718 1300 1870 1370 regis
1918 1299 2025 1355 erit

381 1390 656 1461 sacratio,
685 1405 763 1445 an
791 1406 933 1457 non,
967 1394 1022 1445 et
1047 1391 1237 1461 cujus.
1268 1390 1422 1445 Vale.

980 1481 1315 1536 EPISTULA
1354 1482 1420 1534 Vl

672 1584 963 1623 GUILLELMI
1004 1586 1074 1624 AD
1113 1585 1421 1624 ARIBERTUM
1460 1583 1731 1623 ABBATEM.

450 1657 703 1713 Domino
731 1658 1011 1713 Amnenro
1056 1662 1261 1713 sancto
1318 1673 1388 1713 ac
1439 1655 1758 1712 venerabili
1802 1655 2024 1723 abbati,

2124 498 2341 566 citiam,
2375 498 2583 554 saltem
2612 503 2854 572 propter
2882 498 3336 571 improbitatem
3367 515 3607 557 meam
3654 516 3831 556 accc.

2124 587 2378 643 modetis
2405 586 2551 643 mihi
2580 592 2874 660 quotquot
2924 586 3120 644 habeo
3168 589 3609 646 necessarios.
3646 589 3830 647 Obse-

2125 692 2225 732 cro
2251 677 2429 746 igitur
2452 693 2558 732 vos
2605 677 2667 732 in
2692 676 2935 732 nomine
2990 680 3211 733 sancta
3270 677 3629 745 Trinitatis,
3698 695 3827 751 qua

2127 767 2279 821 Deus
2310 782 2467 821 unus
2493 769 2598 834 est,
2630 769 2693 820 ut
2732 764 2827 820 vel
2877 765 3083 821 decem
3136 766 3353 822 fratres
3406 783 3489 823 ex
3561 766 3827 837 collegio

2126 853 2304 909 vestri
2330 853 2580 923 angelici
2608 852 2831 909 ordinis
2851 853 2997 909 mihi
3026 854 3474 925 transmittatis,
3496 872 3827 913 memores

2127 944 2371 1000 tandem
2396 943 2550 998 illius
2581 943 2890 1016 apostolici
2914 943 3076 1012 dicti,
3100 945 3279 1002 Alter
3308 947 3595 1003 alterius
3644 962 3831 1003 onera

2120 1038 2380 1102 portate,
2413 1037 2466 1087 et
2491 1033 2575 1088 sic
2605 1032 3003 1101 adimplebitz’s
3044 1034 3229 1104 legem
3281 1034 3556 1092 Christi.
3627 1033 3830 1091 Valete

2130 1136 2268 1175 cum
2298 1118 2580 1175 omnibus
2609 1119 2838 1174 vestris.

2720 1211 3055 1265 EPISTOLA
3095 1209 3187 1264 VII

2540 1314 2825 1353 GUILLELMI
2865 1315 2937 1353 AD
2976 1314 3374 1354 HILDEGARIUM.

2204 1389 2544 1441 HlLDEGARIO
2584 1389 2938 1443 GUILLELML‘S
2967 1387 3121 1443 bene
3150 1391 3361 1460 optata
3390 1390 3749 1463 consequi.

2203 1479 2453 1532 Tantam
2484 1477 2648 1549 apud
2673 1493 2769 1533 me
2801 1481 2904 1533 tua
2927 1477 3196 1549 prudens
3227 1477 3609 1551 simplicitas
3668 1480 3830 1536 inve-

2133 1565 2219 1620 nit
2249 1565 2522 1636 gratiam,
2556 1566 2808 1639 utquod
2830 1582 2867 1622 a
2885 1582 2983 1622 me
3008 1566 3225 1639 petisti,
3251 1582 3379 1623 non
3410 1568 3638 1639 magis
3702 1570 3829 1642 ipse

2137 1654 2478 1727 [desideres]
2509 1655 2635 1710 ﬁeri
2664 1671 2849 1728 quam
2907 1671 3018 1726 ego
3070 1656 3271 1712 velim.
3336 1657 3459 1713 Sed
3508 1659 3827 1731 quoniam

380 1747 694 1802 GUILLEML'S
754 1746 852 1801 Dei
908 1746 1096 1815 gratia
1148 1747 1269 1802 dux
1336 1745 1664 1819 Aquitaniae
1737 1760 2029 1818 prospera
2067 1743 2193 1818 Bin
2246 1743 2695 1816 prtesentiarum
2739 1743 2988 1800 facultas
3035 1760 3158 1800 non
3216 1746 3512 1819 suppetit,
3573 1748 3824 1804 animus

382 1843 613 1891 cuncta.

450 1924 802 1979 Charitatem
834 1929 1090 1979 vestram
1103 1923 1230 1993 jam
1260 1923 1526 1979 secundo
1547 1923 1939 1995 interpellavit
1964 1927 2027 1979 ut

381 2013 682 2068 mitteretis
713 2012 791 2067 ad
822 2014 1183 2070 Carroticum
1239 2013 1668 2068 monasterium
1722 2012 2025 2084 quosdam

382 2118 453 2157 ex
478 2102 788 2158 monachis
817 2102 1024 2158 vestris
1054 2102 1157 2175 qui
1184 2107 1382 2157 essent
1410 2102 1700 2157 ferventes
1730 2102 1791 2155 in
1821 2101 2024 2157 obser-

383 2189 582 2245 vanda
639 2190 843 2259 regula
894 2192 1082 2245 sancti
1129 2189 1448 2257 Benedicti,
1505 2205 1766 2261 quorum
1824 2194 2028 2244 sancta

383 2279 748 2334 conversatio
778 2278 1056 2335 fratribus
1086 2278 1276 2350 ipsius
1313 2276 1429 2332 loci
1480 2277 1710 2331 bonum
1740 2277 2030 2348 praeberet

383 2367 743 2439 exemplum,
773 2372 826 2421 et
857 2383 1067 2421 eorum
1097 2365 1380 2421 abbatem
1413 2365 1571 2419 fasce
1599 2364 1904 2433 regiminis
1951 2365 2027 2420 le-

383 2461 565 2511 varet.
598 2456 893 2522 Quoniam
922 2471 1062 2510 vero
1092 2454 1360 2527 petitioni
1399 2470 1548 2509 meae
1604 2454 1875 2509 nondum
1928 2471 2026 2511 ac-

383 2544 711 2616 quievistis,
743 2560 905 2599 nunc
929 2558 1171 2616 quoque
1201 2545 1367 2598 tertio
1407 2542 1486 2598 ad
1542 2542 1759 2598 ostium
1818 2548 2022 2598 vestrae

383 2632 683 2689 cliaritatis
708 2632 904 2704 pulso,
933 2632 1119 2688 instar
1170 2632 1323 2687 illius
1383 2631 1705 2700 evangelici
1759 2631 2022 2704 petitoris

2131 1849 2301 1888 meus
2322 1837 2554 1888 veretur
2582 1848 2677 1887 me
2709 1832 2809 1888 tibi
2838 1837 3189 1905 suspectum
3218 1849 3371 1905 esse,
3405 1835 3607 1907 quasi
3637 1836 3821 1892 verba

2133 1923 2275 1977 dare
2304 1922 2692 1979 molientem:
2743 1923 2907 1995 quod
2931 1939 3055 1979 non
3109 1940 3237 1979 esse
3294 1940 3519 1982 meum
3578 1926 3816 1993 credas,

2133 2026 2239 2081 per
2258 2011 2438 2066 ﬁdem
2464 2028 2598 2084 quae
2620 2012 2770 2067 inter
2794 2028 2905 2067 nos
2938 2017 3025 2067 est
3049 2012 3302 2069 obsecro
3324 2029 3574 2084 rogans
3607 2020 3669 2071 te
3695 2031 3817 2071 mo-

2133 2100 2333 2154 dicum
2358 2106 2591 2172 tempus
2619 2101 2817 2158 adhuc
2849 2101 3142 2157 sustinere
3174 2101 3373 2158 donec
3423 2104 3816 2174 gravissimis

2133 2189 2354 2261 quibus
2408 2190 2702 2261 impedior
2759 2190 2967 2247 officiis
3015 2191 3352 2264 expeditus,
3406 2209 3686 2266 operam
3715 2195 3817 2251 tibi

2135 2278 2275 2332 dare
2305 2293 2544 2349 queam.
2576 2279 2747 2344 Quod
2786 2281 2834 2334 si
2891 2279 3039 2335 forte
3093 2295 3411 2336 morarum
3476 2281 3817 2356 impatiens

2134 2382 2276 2420 mox
2301 2367 2379 2441 ad
2408 2383 2503 2422 mc
2556 2367 2887 2437 adveneris,
2942 2369 2989 2424 si
3044 2368 3199 2424 votis
3252 2368 3373 2424 tuis
3425 2371 3649 2427 minus
3706 2389 3818 2428 res-

2133 2454 2421 2525 pondero,
2453 2470 2840 2528 nequaquam
2870 2455 2931 2511 id
2952 2456 3119 2526 mihi,
3151 2472 3409 2514 causam
3460 2460 3818 2532 praedoctus

2128 2543 2261 2612 jure
2294 2543 2691 2599 succensebis.
2720 2544 2856 2600 Vale
2882 2560 3043 2601 nunc
3067 2549 3125 2601 et
3163 2561 3430 2619 semper.
3497 2550 3568 2605 R.
3627 2550 3814 2606 Turo-

2132 2647 2351 2687 ncnsns.

1286 2900 2257 3019 GUILLELMI
2329 2901 2866 3020 DUGIS

1834 3130 2345 3222 DlPLOMA.

684 3328 808 3402 Quo
841 3327 1042 3388 villam
1072 3328 1142 3388 S.
1178 3326 1534 3404 Marc/tam;
1572 3329 1634 3387 in
1662 3348 1782 3408 qua
1813 3330 1921 3468 z'the
1943 3340 2181 3469 sgnctzlts
2210 3333 2547 3421 requiescit,
2582 3331 2845 3392 concedit
2873 3333 3131 3393 ecclesia:
3162 3334 3239 3394 S.
3280 3334 3514 3396 Crucis

1902 3428 1974 3467 ur
2017 3428 2116 3469 zaa
2144 3428 2318 3469 enszs.

1902 3428 2318 3489 uratgatenszs.

1881 3582 2075 3644 (Anno
2104 3580 2280 3650 1026.)

1426 3737 1609 3804 (Gall.
1646 3736 1893 3807 Christ.,
1922 3741 2065 3792 tom.
2096 3737 2144 3792 Il
2165 3738 2472 3805 Instrum.,
2496 3754 2555 3809 p.
2588 3740 2737 3811 268.)

459 4029 582 4095 Ego
606 4025 667 4080 in
690 4024 790 4079 Dei
819 4024 1079 4097 nomine,
1129 4028 1495 4097 GUILLELMUS,
1546 4027 1646 4082 Dei
1701 4027 1864 4082 dono
1912 4026 2035 4082 dux
2074 4034 2115 4086 C
2143 4029 2311 4085 terris
2345 4029 2418 4085 de
2448 4046 2613 4086 mare
2646 4030 2867 4088 Salissa
2887 4047 3078 4104 usque
3109 4031 3188 4088 ad
3217 4048 3389 4089 mare
3431 4034 3517 4091 de
3552 4037 3817 4096 Girauda

388 4114 738 4186 Aquitaniae,
796 4118 851 4169 et
901 4131 1050 4170 uxor
1104 4132 1238 4172 mea
1293 4120 1652 4186 AREMBEBGA,
1712 4116 2029 4172 considero

390 4202 738 4273 gravitatem
795 4204 1271 4275 [gravitudinem]
1326 4209 1709 4276 peccatorum
1757 4221 2030 4261 meorum

389 4294 465 4363 [et
492 4292 806 4348 reminisco
835 4292 1161 4350 bonitatem
1188 4293 1290 4348 Dei
1338 4292 1632 4349 dicentem
1686 4296 1837 4351 Date
1891 4296 2031 4351 elec-

388 4397 713 4451 mosynam,
746 4387 803 4437 et
826 4398 956 4439 ecce
985 4384 1184 4439 omnia
1213 4383 1438 4437 munda
1467 4386 1604 4439 sunt
1624 4384 1825 4454 vobis],
1855 4399 2032 4456 prop-

386 4474 545 4526 terea
569 4470 832 4527 concedo
862 4471 941 4528 ad
978 4471 1291 4527 basilicam
1348 4471 1402 4527 S.
1446 4471 1642 4528 Crucis
1689 4472 2029 4541 Burdegalae

389 4559 719 4615 salvitatem
744 4559 899 4615 illius
928 4560 1044 4615 loci
1066 4564 1122 4615 et
1147 4558 1432 4615 allodium
1468 4559 1723 4617 liberum
1781 4561 1855 4617 de
1908 4578 2032 4618 om-

388 4663 525 4704 nem
554 4649 779 4705 malam
809 4649 1181 4705 exactionem
1220 4652 1276 4704 et
1308 4648 1382 4703 de
1439 4666 1682 4706 omnem
1732 4650 2028 4723 rapinam,

389 4742 445 4793 et
472 4737 675 4794 villam
709 4740 764 4795 S.
796 4736 1072 4794 Macharii
1102 4737 1204 4792 ubi
1226 4737 1350 4810 ipse
1378 4741 1435 4794 Β.
1468 4739 1801 4796 Macharius
1831 4744 2031 4794 tumu-

386 4825 575 4882 latum
596 4827 725 4898 ejus
758 4842 977 4899 corpus
1000 4826 1333 4898 requiescit,
1361 4844 1499 4883 cum
1528 4827 1765 4884 decima
1793 4831 1851 4884 et
1893 4843 2032 4884 cum

389 4932 597 4972 omnes
625 4934 742 4988 res,
765 4918 864 4988 jus
892 4917 966 4973 de
996 4920 1151 4973 terra
1181 4921 1236 4972 et
1264 4933 1336 4972 ex
1381 4935 1568 4988 mare,
1602 4922 1823 4974 etcum
1867 4917 2036 4988 justi-

388 5004 468 5061 tia
499 5006 808 5077 sanguinis
841 5005 1022 5075 (etde
1061 5021 1269 5061 omnes
1297 5008 1435 5078 res),
1483 5011 1540 5062 et
1592 5022 1731 5061 cum
1777 5005 2034 5079 pedagio

389 5098 445 5149 et
469 5093 647 5150 aliam
671 5095 1002 5152 salvitatem
1041 5097 1096 5151 S.
1129 5094 1320 5151 Mariae
1369 5095 1443 5150 de
1490 5095 1695 5151 Macha
1752 5094 2034 5167 [Machao]

390 5199 527 5238 cum
567 5184 818 5252 decima,
877 5189 935 5240 et
987 5198 1165 5239 omne
1207 5184 1306 5254 jus
1352 5188 1408 5240 et
1455 5183 1935 5251 consuetudines,
1980 5189 2038 5241 et

391 5287 526 5326 eam
553 5288 739 5345 prope
766 5273 1140 5341 adjacentem
1159 5271 1438 5339 insulam,
1469 5277 1526 5328 et
1553 5288 1691 5327 cum
1720 5272 2037 5346 paduensa

2137 4124 2193 4174 et
2220 4118 2293 4174 de
2324 4119 2474 4175 Ubre
2502 4119 2577 4175 de
2606 4121 2778 4191 Syort
2824 4136 3016 4194 usque
3073 4121 3153 4178 ad
3199 4124 3415 4190 Grava,
3481 4142 3644 4183 cum
3701 4143 3817 4185 ma-

2135 4208 2310 4278 risco,
2340 4214 2396 4265 et
2426 4226 2564 4265 cum
2589 4210 2947 4278 montaneis,
2993 4227 3135 4267 cum
3192 4212 3422 4285 pineta,
3487 4231 3653 4273 cum
3715 4218 3817 4290 pis-

2138 4297 2388 4368 catione,
2430 4314 2567 4353 cum
2617 4302 2832 4354 cuncta
2883 4303 3058 4372 prata
3117 4298 3420 4356 Salvicina
3484 4305 3815 4377 capiente;

2137 4403 2275 4442 cum
2303 4386 2489 4442 servis
2520 4391 2577 4442 et
2604 4387 2848 4443 ancillis.
2880 4390 3025 4443 Ecce
3054 4404 3197 4445 vero
3218 4404 3436 4446 omnes
3461 4390 3632 4449 istas
3663 4394 3818 4451 villas

2139 4491 2277 4530 cum
2291 4474 2539 4546 justiciis
2562 4476 2892 4547 sanguinis,
2924 4480 2982 4532 et
3037 4476 3112 4532 de
3169 4493 3384 4534 omnes
3413 4494 3517 4535 res
3554 4499 3719 4540 cum
3744 4499 3818 4540 ec-

2140 4563 2332 4619 clesiis
2384 4579 2591 4620 earum
2634 4569 2691 4620 et
2748 4581 2886 4620 cum
2932 4580 3145 4621 omnes
3215 4569 3727 4629 consuetudines
3776 4576 3820 4627 et

2133 4653 2290 4724 jura,
2314 4669 2452 4708 cum
2474 4652 2903 4710 consuetudine
2957 4653 3137 4709 trium
3184 4655 3546 4712 modiorum
3601 4662 3754 4719 salis
3774 4667 3819 4716 et

2140 4757 2278 4796 cum
2306 4740 2365 4797 la
2393 4742 2648 4814 pojadas
2688 4746 2744 4798 et
2792 4742 2851 4798 la
2879 4741 3278 4811 fromentada,
3333 4747 3390 4800 et
3433 4761 3597 4804 cum
3667 4756 3809 4808 totas

2139 4830 2524 4903 pertinentias
2552 4831 2615 4886 in
2643 4831 2851 4903 pratis,
2874 4832 2936 4887 in
2987 4832 3570 4905 consuetudinibus,
3607 4839 3683 4897 in
3738 4855 3818 4896 ne-

2141 4918 2429 4986 moribus,
2452 4920 2514 4974 in
2543 4919 2729 4975 vineis
2758 4923 2814 4976 et
2843 4920 2905 4976 in
2932 4920 3061 4988 viis,
3084 4925 3142 4977 et
3167 4921 3229 4976 in
3283 4922 3541 4993 semitis,
3605 4929 3699 4986 ad
3744 4944 3818 4983 sa-

2143 5002 2563 5074 cratissimum,
2617 5020 2722 5060 seu
2773 5008 2829 5060 et
2885 5005 2965 5060 ad
3020 5004 3209 5077 ipsius
3267 5012 3816 5080 congregationem

2144 5095 2262 5147 Deo
2289 5092 2662 5160 servientem,
2687 5092 2854 5165 quod
2879 5093 3230 5163 Burdegalee
3258 5093 3443 5150 situm
3466 5104 3592 5171 est,
3641 5102 3817 5165 dono,

2142 5181 2436 5238 transfero
2457 5187 2634 5254 atque
2660 5181 3014 5238 transfundo
3040 5183 3100 5238 in
3152 5182 3395 5239 illorum
3449 5185 3540 5242 ibi
3608 5190 3821 5265 degen-

2144 5270 2293 5326 tium
2320 5270 2760 5327 monachorum
2786 5271 2865 5327 ad
2903 5270 3200 5344 stipendia
3220 5275 3277 5327 et
3325 5287 3624 5344 congrua
3682 5282 3821 5355 ipso-

391 5360 451 5415 in
481 5362 635 5417 terra
654 5365 711 5418 et
738 5360 800 5416 in
831 5374 1017 5427 mare,
1044 5363 1100 5414 et
1127 5358 1373 5416 alteram
1403 5360 1607 5418 villam
1635 5362 1690 5418 S.
1724 5361 1921 5418 Hilarii
1956 5362 2031 5418 de
2070 5382 2115 5434 ι)
2145 5374 2281 5414 rum
2302 5356 2494 5428 trado,
2526 5363 2583 5414 et
2610 5358 2688 5414 do
2709 5362 3066 5431 potestatem
3093 5358 3191 5413 vel
3218 5358 3742 5426 dominationem
3762 5366 3819 5425 ad

394 5447 688 5504 Ortellano
747 5445 1075 5517 [Ortillano]
1140 5463 1277 5503 cum
1324 5448 1559 5505 decima
1624 5451 1699 5520 [et
1746 5467 1885 5506 cum
1937 5466 2039 5523 pa-

392 5534 643 5600 duensa,
667 5535 742 5589 de
774 5547 965 5603 aquas
991 5536 1047 5586 et
1073 5531 1145 5587 de
1173 5533 1355 5603 ligna,
1385 5541 1441 5592 et
1467 5537 1541 5592 de
1581 5540 1807 5610 terras],
1867 5542 1925 5594 et
1958 5536 2038 5593 al-

394 5625 582 5675 teram
612 5622 815 5676 villam
862 5634 996 5689 quae
1049 5626 1293 5677 vocatur
1345 5624 1553 5681 Solaco
1607 5643 1746 5682 cum
1783 5628 2039 5683 oratorio

400 5707 458 5761 S.
493 5706 705 5765 Genitr.
734 5705 950 5775 Mariae,
974 5722 1111 5760 cum
1158 5707 1402 5766 decimis
1433 5717 1490 5768 et
1537 5713 1710 5785 aquis
1740 5713 1953 5786 dulcis,
1984 5718 2043 5771 et

2146 5446 2494 5503 habendum
2520 5452 2576 5502 et
2602 5447 2786 5503 libere
2831 5446 3289 5520 possidendum,
3349 5454 3409 5504 et
3464 5450 3821 5515 faciendum

2146 5535 2540 5591 communiter
2566 5535 2861 5607 quidquid
2889 5535 3204 5605 voluerint,
3227 5536 3548 5597 neminem
3590 5554 3820 5603 contra‘

2132 5624 2461 5679 ’dicentem.
2515 5624 2572 5679 Si
2600 5640 2765 5695 vero
2812 5624 3026 5696 aliquis
3074 5627 3448 5684 assurexerit
3531 5631 3819 5707 deinceps

2148 5712 2298 5770 falso
2321 5712 2565 5768 nomine
2592 5727 2814 5781 comes,
2855 5712 3174 5786 epismpus
3222 5713 3319 5769 vel
3364 5715 3606 5793 aliquis
3651 5724 3820 5797 hujus
