3980 6404
67 276 197 329 833
610 272 673 327 B.
715 270 1152 325 GUILLELMUS
1193 271 1211 323 l
1251 268 1411 322 ΑΕΒ.
1456 267 1511 323 S.
1555 264 1763 320 GERM.

1955 257 2154 314 tATIS.
2197 288 2264 297 —
2304 257 2580 314 ΝΟΤΙἸΊΛ
2620 257 3010 312 HISTORICA.
3423 259 3527 311 834

69 396 293 453 saeculi
321 400 634 469 tyrannus,
667 395 771 467 qui
801 395 943 450 istas
969 411 1064 449 res
1098 409 1280 466 supra
1296 393 1374 448 ad
1402 407 1578 446 suum
1600 405 1753 461 opus
1783 389 1828 440 A
1940 386 2070 438 Haec
2097 381 2342 437 donatio
2372 381 2597 453 quippe
2638 379 2795 436 facta
2843 385 2929 435 est
2967 395 3129 436 anno
3165 381 3296 436 1027
3331 387 3527 438 lncar-

66 487 324 543 mittere
377 503 501 542 non
560 485 836 551 timuerit,
880 490 934 540 et
988 501 1094 556 per
1141 483 1484 539 violentiam
1531 479 1757 552 aliquid
1865 477 1986 528 nat.
2023 473 2216 541 Dom.,
2247 476 2538 543 prsesente
2568 469 3119 538 Fulconi-Gaufridi,
3161 476 3216 526 et
3245 475 3529 528 Truncar-

68 575 424 643 abstulerit,
457 575 751 648 imprimis
780 575 930 630 iram
964 573 1063 629 Dei
1093 571 1519 644 omnipotentis
1559 570 1757 626 iucur-
1867 563 1946 619 do
1976 562 2246 630 baronis,
2280 560 2632 618 Combaudo
2665 559 2926 626 Ostendi,
2960 565 3016 616 et
3041 561 3352 618 Guillelmo
3382 579 3530 635 prae-

66 665 185 734 rit,
221 670 278 721 et
309 682 344 722 a
375 665 675 721 consortio
707 663 1176 721 Christianorum
1207 667 1525 718 extraneus
1552 660 1674 725 ﬁat,
1707 664 1763 714 et
1867 651 2085 725 posito,
2119 649 2398 705 Eduardo
2429 654 2485 704 et
2515 649 2794 704 Glliberto
2821 648 3036 704 milites
3065 654 3118 705 et
3149 649 3337 705 alius:
3381 652 3531 708 aSSi-

71 771 239 810 cum
290 754 521 810 Damam
570 759 626 810 οι
675 753 898 808 Abh-on
953 758 1108 808 terra
1140 752 1303 808 vivos
1334 750 1673 818 amor-beat,
1707 753 1764 804 et
1870 745 2058 796 stente
2090 737 2464 794 monasteriis
2504 736 2864 809 imprimitus
2926 738 3152 792 Sanctae
3199 739 3418 807 Crucis,
3477 744 3535 796 et

71 860 416 917 nunquam
449 844 525 900 ad
559 849 830 898 sanctam
870 842 1363 898 resurrectionem
1405 857 1543 896 cum
1569 841 1761 911 justos
1963 828 2154 884 Mariae
2185 828 2260 884 de
2293 827 2501 884 Solaco
2523 831 2579 881 et
2611 828 2665 882 S.
2700 825 2997 895 Macharii,
3027 831 3082 881 et
3110 826 3371 883 ecclesiis
3402 829 3533 884 aliis

73 939 410 1007 appareat,
445 934 547 989 sed
578 934 638 988 in
671 932 906 989 Cocheti
962 933 1191 1004 laqueis
1242 947 1424 1004 poena
1478 934 1764 1002 perpetua

72 1023 412 1078 crucietur.
449 1026 512 1078 Et
542 1023 590 1078 si
617 1021 832 1094 aliquis
881 1021 1366 1078 adversariorum
1419 1035 1764 1076 assurrexe-

73 1113 189 1180 rit,
225 1113 272 1168 si
303 1112 602 1168 salvitates
623 1110 1117 1179 violaverit,mille
1148 1110 1330 1166 libras
1363 1110 1492 1166 auri
1523 1114 1764 1166 coactus

77 1202 390 1258 fratribus
423 1206 766 1276 componat.

1871 918 2091 974 abbate
2139 916 2515 982 Gombaudo,
2561 919 2618 971 et
2666 915 2935 971 Ecclesiae
2988 916 3395 985 Burdigalensi
3436 935 3532 974 ar-

1872 1007 2257 1080 chiepiscopo
2288 1005 2620 1061 Godefredo
2647 1011 2743 1075 (1).

168 1344 251 1415 (1)
294 1347 412 1399 Hoc
437 1343 898 1399 instrumentum
951 1359 998 1415 ab
1050 1358 1110 1415 se
1161 1342 1356 1397 visum
1403 1347 1648 1415 testatus
1681 1347 1769 1398 est

77 1413 388 1471 Henricus
423 1419 508 1481 Ill,
538 1432 641 1470 rex
672 1415 916 1483 Anglize,
945 1413 1211 1485 illudque
1243 1416 1418 1468 refert
1445 1414 1506 1468 in
1535 1415 1656 1469 suis
1686 1415 1769 1469 lit-

81 1487 262 1555 teris,
323 1486 664 1558 exquibus
716 1485 1166 1558 multasrvarias
1215 1486 1497 1542 lectiones
1527 1486 1767 1555 collegi-

79 1575 261 1613 mus.
299 1562 361 1612 ln
389 1557 505 1612 ﬁne
532 1557 859 1612 litterarum
891 1557 1058 1612 addit
1079 1573 1182 1612 rex
1218 1576 1228 1611 :

168 1652 199 1678 ‹‹
249 1632 366 1684 Nos
399 1644 540 1700 ergo
573 1633 634 1682 ut
663 1629 858 1683 omnis
908 1628 1187 1700 suspicio
1220 1627 1384 1683 falsa:
1441 1627 1765 1684 Latinitatis

84 1717 228 1773 qua
258 1699 548 1773 praedicta
581 1701 786 1773 charta
836 1699 1046 1754 vitiOsa
1093 1699 1345 1773 videtur,
1375 1700 1769 1771 praesentibus

83 1771 149 1827 et
179 1771 401 1827 futuris
427 1771 709 1826 radicitus
733 1775 1104 1838 amoveatur,
1133 1787 1206 1843 ne
1236 1771 1612 1842 aliquatenus
1637 1787 1771 1843 pos-

89 1844 177 1898 sit
241 1843 322 1915 ob
377 1843 818 1915 hocpraedicto
883 1842 1522 1915 monasterioSanctze
1569 1842 1770 1898 Crucis

89 1913 557 1982 Burdigalensis
603 1919 658 1968 et
707 1914 909 1969 abbati
960 1919 1014 1968 et
1044 1913 1359 1968 monachis
1399 1913 1621 1968 ibidem
1652 1917 1770 1968 Deo

90 1985 504 2041 servientibus
533 2001 698 2057 quos
720 1985 949 2057 sincera
970 1984 1500 2057 complectimurin
1521 1985 1770 2057 Domino

92 2057 416 2120 charitate,
451 2055 868 2128 pranudicium
897 2061 999 2110 aut
1030 2055 1352 2128 gravamen
1385 2055 1629 2128 aliquod
1670 2072 1770 2126 ge-

91 2128 327 2193 nerari,
350 2127 473 2184 non
503 2127 776 2183 obstante
798 2127 1146 2197 hujusmodi
1177 2128 1339 2188 vitio,
1372 2127 1642 2183 chartam
1676 2143 1771 2182 ra-

93 2200 402 2256 tiiicantes
433 2199 730 2264 eamdem,
763 2199 1078 2271 praedictas
1109 2198 1524 2253 concessiones
1572 2204 1627 2271 et
1651 2198 1771 2271 Vdo-

94 2271 384 2327 nationes
410 2275 572 2326 ratas
602 2276 657 2325 et
682 2269 882 2336 gratas
907 2270 1195 2324 habentes
1231 2287 1331 2325 eas
1362 2286 1471 2341 pro
1518 2269 1694 2324 nobis
1720 2274 1776 2325 et

95 2342 448 2398 haeredibus
523 2342 740 2397 nostris
795 2341 1080 2415 praedicto
1155 2341 1518 2396 monasterio
1593 2341 1775 2397 libere

1874 1346 2265 1418 concedimus
2287 1349 2341 1400 et
2359 1345 2823 1418 conﬁrmamus,
2850 1346 2999 1401 sicut
3021 1347 3302 1418 praedicta
3329 1348 3536 1404 charta

1874 1419 2104 1498 praefati
2135 1417 2330 1498 ducis,
2354 1416 2413 1472 in
2435 1418 2872 1498 quapraedictae
2905 1416 3318 1498 concessiones
3345 1425 3401 1474 et
3425 1420 3531 1498 do-

1875 1489 2410 1561 nationesplenius
2441 1489 2836 1561 continentur,
2871 1489 3021 1544 sicut
3051 1495 3106 1544 et
3131 1490 3532 1546 confirmatio-

1875 1578 1983 1616 nes
2017 1560 2306 1632 Guillelmi
2337 1560 2649 1632 quondam
2681 1560 2850 1632 ducis
2894 1561 3226 1632 Aquitaniae
3274 1567 3328 1616 et
3381 1562 3535 1631 regis

1876 1631 2153 1688 Richardi
2205 1631 2512 1704 avunculi
2541 1631 2748 1704 nostri,
2805 1637 2943 1687 tunc
2964 1631 3275 1704 "temporis
3303 1633 3535 1688 comitis

1879 1702 2275 1776 Pictaviensis,
2310 1707 2366 1757 et
2394 1702 2613 1776 reginae
2645 1702 3327 1776 Alienormatris—ipsius
3348 1720 3539 1776 quon-

1879 1775 2022 1829 dam
2049 1774 2268 1843 regina:
2298 1774 2543 1843 Anglia»,
2598 1774 3026 1830 rationabiliter
3077 1774 3388 1830 testantur:
3437 1776 3537 1829 His

1880 1845 2126 1918 testibus
2153 1844 2590 1918 venerabilibus
2619 1845 2890 1918 Patribus
2923 1849 3054 1918 Ay,
3085 1846 3538 1918 archiepiscopo

1883 1917 2313 1988 Ebredunensi,
2343 1922 2402 1988 et
2415 1919 2487 1988 7P.
2533 1917 2934 1972 llersfordensi
2966 1917 3537 1988 episc0po,’Joan’ne

1880 1987 2002 2042 ﬁlio
2034 1987 2274 2059 (lofridi,
2309 1987 2576 2059 Philippo
2610 1991 2828 2053 Basset,
2864 1987 3114 2043 Radulfo
3145 1987 3266 2043 filio
3295 1991 3538 2057 Nachat,

1879 2061 2106 2114 Joanne
2136 2058 2210 2113 de
2243 2058 2603 2122 Lexentlion,
2637 2060 2868 2113 Joanne
2899 2060 3224 2126 Mannifest,
3273 2061 3540 2116 Guidone

1882 2129 1957 2184 de
1987 2129 2299 2184 Rossilhon
2327 2134 2382 2183 et
2411 2129 2612 2184 multis
2643 2129 2789 2184 aliis.

1955 2223 1982 2248 ‹‹
2029 2204 2373 2274 υᾶῐὶΠῙζΡΘΓ
2422 2216 2671 2274 manum
2731 2207 2998 2274 nostram
3047 2202 3210 2274 apud
3249 2203 3544 2274 Burdegaj

1882 2271 2007 2344 lam
2040 2288 2178 2344 xxm
2209 2271 2304 2325 die
2339 2272 2566 2344 mensis
2614 2273 2890 2342 Augusti,
2950 2271 3111 2328 anno
3149 2274 3315 2344 regni
3360 2272 3544 2328 nostri

1884 2343 2172 2398 vicesimo
2204 2342 2476 2415 septimo.
2521 2367 2548 2391 ››

2267 2483 3546 2515 ω

1463 2601 1641 2643 ANNO
1688 2601 1926 2644 DOMINI
1973 2601 2209 2644 ΜΧΧΧΙ.

566 2751 1421 2939 BEATUS
1520 2751 2934 2941 GUILLELMUS
3033 2755 3106 2938 Ι

683 3059 1152 3178 ABBAS
1247 3060 1350 3177 s.
1454 3057 2128 3207 GERMANI
2231 3061 2324 3175 A
2423 3059 2985 3180 PRATIS.

962 3412 1622 3500 NOTITIA
1770 3410 2709 3499 HISTORICA.

1197 3609 1423 3680 (Gallia
1457 3610 1830 3678 Christiana,
1863 3612 2006 3664 tom.
2037 3611 2150 3677 νη,
2183 3624 2322 3681 pag.
2351 3610 2498 3679 435).

197 3883 252 3935 B.
287 3877 634 3936 Guillelmus
663 3880 705 3946 Ι,
739 3891 954 3945 genere
985 3873 1222 3944 nobilis,
1258 3873 1366 3928 sed
1418 3873 1593 3944 longe
1623 3872 1791 3929 nobi-
1827 3860 1868 3914 Β
1897 3873 2019 3928 rius
2051 3888 2158 3928 seu
2183 3872 2514 3929 advocatus
2569 3873 2675 3945 qui
2729 3890 2952 3930 nomen
3005 3875 3321 3948 Pipinellus
3362 3877 3560 3933 Garini

129 3967 234 4026 lior
259 3967 566 4039 religione,
596 3965 859 4039 primum
891 3964 1000 4020 fuit
1042 3963 1418 4019 Luciacensis
1463 3980 1568 4019 seu
1615 3966 1791 4018 Luce—

132 4059 346 4115 diensis
400 4057 461 4113 in
515 4055 678 4112 Italia
733 4055 1089 4121 monachus,
1151 4058 1278 4109 tum
1358 4053 1788 4121 Cluniacensis,

135 4148 342 4205 deinde
372 4147 535 4221 prior
563 4145 759 4203 Sancti
790 4145 1090 4202 Saturnini
1117 4143 1191 4200 de
1221 4148 1399 4216 portu
1445 4144 1522 4199 ad
1558 4143 1791 4199 Rhoda-

134 4253 273 4294 num
315 4237 590 4293 dioecesis
653 4234 1026 4302 Uceticensis,
1086 4233 1270 4301 vulgo
1323 4236 1376 4290 le
1413 4235 1796 4290 Pam-Saint-

138 4327 354 4398 Esprit,
387 4330 598 4400 postea
625 4325 996 4381 Divionensis
1049 4324 1240 4379 abbas
1273 4323 1469 4379 Sancti
1503 4323 1746 4393 Benigni
1778 4341 1791 4389 ;

138 4413 266 4473 inde
295 4417 375 4473 ad
403 4414 824 4472 renovandum
855 4414 1130 4486 pluribus
1169 4413 1229 4468 in
1271 4413 1416 4468 locis
1464 4413 1794 4486 disciplina;

139 4505 418 4576 regularis
477 4505 748 4574 vigorem
824 4503 1164 4575 frequenter
1221 4506 1527 4570 evocatus,
1606 4501 1796 4557 multa

140 4596 278 4652 rexit
302 4594 686 4652 monasteria.
716 4594 779 4649 In
806 4593 898 4648 his
928 4593 1037 4648 fuit
1067 4595 1467 4649 Germanense
1517 4608 1554 4648 a
1591 4591 1794 4660 Pratis,

144 4686 295 4755 quod
344 4686 518 4758 jussu
567 4683 806 4739 Roberti
863 4682 1019 4754 regis
1076 4686 1132 4738 et
1175 4680 1530 4737 (lonstantize
1575 4680 1795 4749 reginae

147 4789 304 4831 suam
331 4775 391 4830 in
417 4790 624 4830 curam
655 4776 1004 4845 susceptum
1028 4770 1426 4827 sauctioribus
1453 4769 1798 4825 informavit

147 4859 433 4922 institutis.
497 4867 627 4931 Qua
681 4863 756 4919 de
803 4879 865 4918 re
922 4861 1002 4918 sic
1082 4859 1343 4917 Aimoini
1397 4859 1796 4928 continuator,

1898 3962 2193 4032 exigebat,
2225 3963 2452 4034 judicio
2485 3963 2718 4019 Roberti
2771 3964 2925 4034 regis
2983 3965 3239 4021 obtinuit
3294 3967 3562 4022 amoveri

1898 4053 2081 4122 (anno
2117 4055 2292 4125 1027).
2355 4053 2518 4109 Idem
2571 4070 2814 4127 quoque
2853 4055 3271 4112 defunctorum
3312 4055 3562 4113 fratrum

1901 4142 2189 4198 sollicitus
2221 4148 2390 4199 vetus
2421 4148 2872 4200 antecessorum
2917 4149 3206 4201 statutum
3254 4147 3566 4202 renovavit

1899 4231 1974 4287 de
1999 4231 2166 4288 omni
2195 4232 2289 4288 die
2322 4233 2731 4288 anniversaria
2760 4234 3108 4289 nominibus
3141 4250 3350 4289 eorum
3380 4235 3440 4288 in
3470 4251 3564 4289 ca-

1899 4321 2088 4393 pitulo
2116 4322 2600 4395 pronuntiandis,
2633 4327 2688 4378 et
2714 4323 2978 4394 quotidie
3007 4323 3254 4395 psalmis
3297 4324 3564 4395 quinque

1903 4410 1981 4466 ad
2022 4411 2350 4482 capitulum
2398 4411 2732 4466 ﬁniendum
2789 4412 3222 4480 decantandis;
3278 4412 3564 4484 alterique

1903 4505 2142 4569 statuto,
2171 4504 2235 4556 ut
2265 4500 2484 4555 scilicet
2510 4501 2777 4572 quotidie
2808 4517 2931 4556 una
2959 4500 3286 4572 praebenda
3311 4502 3386 4556 de
3409 4517 3565 4573 pane

1903 4595 1958 4645 et
1987 4589 2127 4645 vino
2154 4606 2264 4662 pro
2295 4589 2588 4644 defunctis
2619 4589 2898 4654 daretur;
2929 4589 3146 4659 adjecit
3183 4594 3249 4645 ut
3293 4606 3329 4646 a
3352 4591 3566 4646 diebus

1903 4681 2025 4735 suis
2056 4696 2246 4752 usque
2272 4679 2332 4735 in
2362 4679 2546 4735 ﬁnem
2577 4678 2773 4735 saeculi
2803 4696 2913 4753 pro
2942 4679 3221 4734 fratribus
3269 4680 3569 4736 morienti-

1902 4769 2018 4824 bus
2050 4769 2396 4825 tricenarius
2426 4767 2732 4840 plenarius
2783 4768 2842 4823 in
2893 4767 3140 4824 ecclesia
3190 4773 3483 4838 ageretur,
3513 4773 3570 4825 et

1907 4857 2174 4913 similiter
2199 4857 2413 4913 diebus
2437 4873 2647 4913 eorum
2681 4856 3104 4913 anniversariis
3154 4856 3215 4912 in
3258 4857 3568 4914 refectorio

148 4948 238 5008 lib.
268 4972 324 5024 v,
357 4955 549 5029 capite
575 4957 640 5010 47
669 4971 682 5008 :
719 4975 746 5002 ‹‹
781 4955 935 5009 Dum
977 4949 1262 5007 monachi
1298 4947 1561 5022 szepefati
1605 4964 1802 5004 coeno-
1905 4948 2088 5012 fieret,
2145 4951 2203 5002 et
2254 4949 2314 5003 in
2368 4947 2628 5019 capitulo
2684 4947 3230 5020 pronuntiarentur.
3275 4947 3338 5002 ld
3370 4951 3569 5003 actum

150 5039 223 5098 bii
252 5047 378 5113 (sub
407 5048 633 5117 Ingone
663 5043 894 5116 abbate)
924 5041 1194 5099 saeculari
1245 5041 1430 5097 modo
1474 5039 1660 5095 vitam
1691 5039 1800 5095 du-

1906 5041 1994 5092 est
2022 5037 2199 5109 (anno
2237 5039 2395 5107 l028)
2427 5036 2674 5092 consilio
2705 5040 2760 5092 et
2785 5035 3128 5092 testimonio
3159 5035 3407 5092 Baldrici
3435 5039 3572 5092 Bur-

153 5139 351 5204 cerent,
382 5135 688 5209 piissimus
747 5132 1036 5190 Robertus
1114 5147 1219 5187 rex
1279 5145 1403 5186 una
1479 5145 1617 5184 cum
1691 5143 1801 5184 sua
1909 5125 2190 5196 guliensis
2221 5126 2476 5182 abbatis.
2506 5126 2688 5182 Paulo
2717 5131 2852 5199 post
2893 5124 3237 5181 Guillelmus
3285 5126 3568 5194 Adraldo,

154 5233 320 5281 uxore
371 5224 644 5280 videlicet
698 5221 1043 5281 Constantia
1093 5220 1299 5290 regina
1335 5262 1348 5286 ,

157 5307 361 5384 functo,
413 5331 728 5371 accersens
801 5313 1168 5369 Guliermum
1250 5308 1533 5366 abbatem
1608 5307 1800 5364 Divio-

157 5403 338 5459 nensis
391 5404 670 5472 coeuobii,
722 5403 775 5459 ei
829 5401 1139 5459 abbatiam
1185 5399 1350 5456 dedit
1401 5403 1460 5455 Β.
1504 5398 1801 5465 Germani,

160 5491 249 5560 qui
276 5509 407 5550 eam
432 5493 781 5564 regulariter
810 5493 1124 5548 instituens
1180 5506 1342 5547 anno
1394 5489 1626 5546 Domini
1669 5491 1804 5545 1030

161 5579 266 5637 Vita
316 5584 585 5641 decessit.
629 5607 657 5634 »

1430 5223 1653 5288 lngone
1707 5217 1804 5272 de—
1843 5220 1883 5274 C
1913 5219 2212 5273 annuente
2238 5231 2396 5285 rege,
2441 5215 2750 5271 abbatiam
2800 5209 3134 5283 resignasse
3172 5215 3421 5272 videtur.
3478 5218 3571 5286 At,

1911 5323 2022 5380 pro
2053 5310 2233 5375 certo,
2266 5305 2554 5374 regimine
2583 5305 2757 5360 cessit
2787 5310 2923 5360 ante
2954 5304 3208 5375 obitum,
3256 5306 3359 5379 qui
3393 5307 3580 5363 conti—

1915 5397 1998 5468 git
2047 5411 2208 5452 anno
2269 5395 2397 5452 1031
2464 5394 2748 5451 Kalendis
2795 5394 3062 5451 Januarii
3108 5395 3169 5450 in
3212 5397 3577 5453 monasterio

1916 5484 2339 5553 Fiscamnensi,
2402 5485 2506 5541 ubi
2554 5490 2611 5540 et
2651 5485 2919 5558 sepultus
2949 5489 3054 5542 est.
3082 5485 3204 5543 Hac
3243 5488 3336 5544 die
3367 5488 3580 5559 legitur

729 5582 843 5639 Sed
900 5599 1098 5655 neque
1145 5582 1346 5638 minus
1399 5580 1688 5654 providus
1744 5579 1806 5633 in
1913 5576 1975 5632 in
2006 5575 2352 5644 Necrologio
2397 5575 2659 5631 Pratensi
2703 5595 2716 5630 :
2755 5577 3052 5633 Kalendis
3099 5579 3388 5634 Januarii
3437 5579 3579 5633 obiit

165 5669 594 5744 temporalibus,
622 5690 844 5747 pravas
876 5672 1014 5727 inde
1047 5671 1531 5740 consuetudines,
1560 5686 1713 5742 quas
1745 5667 1804 5722 in
1832 5712 1850 5725 .
1915 5666 2167 5721 dom-nus
2196 5664 2378 5720 abbas
2411 5665 2767 5721 Guillelmus
2793 5667 2980 5723 nimia
3011 5668 3398 5738 religiositate
3421 5667 3582 5721 solli-

167 5760 470 5821 Antoniaco
497 5763 636 5820 villa
666 5767 724 5819 et
749 5759 1188 5836 appendicibus
1213 5759 1465 5833 quidam
1497 5760 1628 5830 ejus
1652 5757 1808 5814 vica-

1918 5758 2093 5812 citus.
