3892 6374
433 273 538 327 835

1374 268 1428 324 S.
1472 266 1905 324 GUILLELMUS
1943 264 2169 321 ABBAS
2209 265 2264 321 S.
2316 265 2589 320 BENIGNI
2632 262 2887 320 DIVION.

1524 538 1681 656 Β.
1772 533 2743 652 GEi’ILLELMI

439 738 874 805 EPISTOLA
924 738 1091 806 SEU
1134 737 1497 803 CHARTA
1544 736 1664 803 AD
1715 734 2122 803 FRATRES
2175 733 2720 802 MONASTEBII
2772 734 2842 799 ὃ.
2897 733 3308 801 GERMANI
3384 735 3454 799 A
3516 732 3824 801 PRATIS.

1935 894 2128 964 (Anno
2172 894 2351 964 I028).

897 1041 1070 1107 (Dom
1101 1040 1369 1105 FELIBIEN,
1398 1038 1659 1092 Histoire
1686 1038 1758 1092 de
1783 1036 2050 1105 l’abbaye
2079 1037 2150 1091 de
2180 1036 2682 1097 Saint-Germain,
2714 1038 2988 1103 Preuves,
3020 1049 3160 1106 pag.
3193 1036 3387 1104 uiv).

512 1274 785 1331 Noverint
842 1274 1035 1330 Sancti
1078 1274 1350 1329 Germani
1414 1274 1750 1330 Parisiensis
1807 1274 2072 1329 Ecclesiae
2114 1278 2159 1328 A
2188 1273 2401 1328 functis
2426 1272 2683 1327 daretur.
2720 1276 2846 1342 Ipse
2874 1277 3075 1327 tamen
3104 1271 3324 1341 adjecit
3352 1276 3675 1344 quatenus
3700 1272 3834 1327 adie

441 1362 689 1435 professi
717 1362 877 1434 quod
905 1361 1162 1416 domnus
1194 1360 1536 1417 Guillelmus
1569 1362 1667 1424 (sc.
1702 1361 1951 1433 primus)
1978 1361 2080 1416 ab-

2190 1360 2303 1415 bus
2332 1360 2451 1414 suis
2487 1376 2671 1431 usque
2702 1360 2761 1413 in
2793 1360 2973 1415 tinem
3006 1359 3206 1414 saeculi
3232 1375 3347 1431 pro
3402 1359 3699 1416 fratribus
3739 1375 3831 1414 mc

441 1452 550 1507 bas
573 1468 824 1506 assensu
872 1451 1047 1507 totius
1091 1451 1329 1522 capituli
1373 1451 1575 1506 statuit
1601 1452 1765 1523 quod
1795 1452 1958 1506 omni
1987 1451 2081 1505 die
2190 1448 2473 1502 rientibus
2502 1447 2833 1502 tricesimus
2862 1447 3167 1518 plenarius
3211 1446 3275 1501 in
3336 1447 3667 1503 refectorio
3704 1452 3755 1501 et
3795 1446 3833 1499 in

441 1542 846 1597 anniversaria
864 1540 1111 1595 nomina
1129 1539 1547 1595 defunctorum
1572 1540 1821 1595 fratrum
1839 1541 1897 1594 in
1919 1540 2079 1611 capi-

2189 1537 2437 1591 ecclcsia
2467 1541 2697 1603 agatur,
2725 1540 2780 1590 et
2812 1535 3075 1591 similiter
3104 1535 3319 1590 diebus
3349 1552 3579 1592 eorum
3600 1535 3831 1591 anniver-

442 1628 562 1684 tulo
592 1628 1064 1699 pronuntiantur,
1125 1633 1180 1682 et
1225 1628 1487 1699 quotidie
1535 1646 1571 1683 v
1617 1628 1852 1701 psalmi,
1899 1629 2084 1683 Verba
2192 1625 2360 1680 sariis
2392 1626 2451 1680 in
2478 1625 2785 1679 refectorio
2817 1624 2940 1693 ﬁat,
2973 1630 3030 1679 et
3066 1625 3126 1679 in
3156 1624 3432 1697 capitulo
3476 1625 3832 1699 pronuntien-

441 1734 566 1774 mea
599 1717 835 1786 scilicet,
892 1717 969 1772 ad
1009 1716 1334 1789 capitulum
1387 1717 1716 1772 finiendum
1773 1723 2081 1773 canantur.

2195 1720 2302 1769 tur.
2335 1714 2444 1778 Qui
2474 1715 2625 1768 hanc
2658 1713 3139 1769 constitutionem
3169 1713 3631 1785 depravaverit,
3675 1713 3733 1769 in
3769 1730 3833 1767 ca-

444 1808 583 1873 Quae
642 1806 884 1878 quidem
934 1806 1301 1861 consuetudo
1344 1822 1452 1877 pro
1496 1806 1860 1878 quibusdam
1891 1807 2086 1861 causis
2192 1809 2300 1875 put
2327 1804 2454 1872 ejus
2483 1802 2793 1857 redundet.

441 1893 763 1964 depravata
812 1897 957 1947 erat.
1008 1893 1443 1947 Constituerant
1491 1893 1651 1946 enim
1695 1892 1942 1947 abbates
1997 1892 2087 1946 sui

441 1981 905 2053 prmdecessores
930 1979 1095 2051 quod
1126 1981 1249 2051 ipse
1270 1985 1501 2035 mutare
1527 1980 1714 2035 noluit
1741 1998 1754 2035 :
1780 1987 1843 2035 ut
1872 1981 2091 2035 scilicet

445 2069 708 2141 quotidie
736 2085 858 2123 una
886 2068 1212 2139 praebenda
1240 2069 1313 2124 de
1342 2084 1499 2139 pane
1540 2074 1595 2123 et
1634 2069 1771 2124 vino
1823 2084 1931 2141 pro
1984 2069 2087 2123 de-

2265 1892 2327 1945 Id
2357 1896 2557 1946 actum
2588 1896 2644 1946 et
2674 1890 2920 1946 consilio
2951 1895 3037 1946 est
3064 1891 3412 1947 testimonio
3450 1892 3700 1948 Baldrici
3728 1892 3829 1944 Bur-

2197 1980 2478 2050 guliensis
2506 1980 2757 2036 abbatis.

881 2224 3431 2257 Μ

1778 2362 1955 2404 ANNO
1999 2362 2233 2404 DOMINI
2280 2362 2496 2404 MXXXI
2508 2391 2519 2403 .

1072 2536 1908 2683 SANCTUS
2020 2537 3230 2685 GUlLLELMUS

1572 2777 1797 2832 ABBAS
1839 2778 1894 2832 S.
1937 2777 2217 2833 BENIGNI
2258 2777 2711 2833 DlVlONENSIS.

954 3065 1375 3148 NU'I‘ITIA
1496 3064 2071 3150 HISTORICA
2186 3067 2292 3152 ΙΝ
2388 3072 2477 3154 S.
2580 3068 3341 3157 GUILLELMUM.

1033 3242 1229 3313 (Apud
1260 3241 1469 3297 Mabill.
1503 3243 1657 3296 Acta
1682 3242 1785 3296 SS.
1821 3244 1948 3297 0rd.
1981 3246 2044 3298 S.
2077 3246 2322 3312 Bened.,
2358 3246 2561 3301 StBOllli
2591 3249 2651 3301 VI
2684 3251 2848 3318 parte
2878 3264 2913 3311 ι,
2943 3263 3083 3319 pag.
3117 3250 3261 3318 320).

522 3513 568 3563 1.
610 3507 897 3564 Guillelmi
923 3511 1118 3562 ortum
1147 3506 1224 3562 ad
1256 3523 1482 3562 annum
1518 3508 1641 3562 1031
1678 3508 2087 3563 revocandum
2127 3516 2166 3567 Β
2196 3510 2515 3567 indictione
2536 3527 2615 3577 ιιι,
2647 3511 3001 3567 Guillelmus
3028 3513 3342 3568 ordinatus
3369 3521 3460 3570 est
3491 3516 3674 3572 abbas
3701 3516 3817 3568 San-

446 3613 574 3652 esse
599 3597 898 3652 evidenter
925 3595 1217 3665 colligitur
1245 3612 1316 3651 ex
1348 3596 1642 3667 Rodulphi
1669 3596 1865 3651 Glabri
1895 3596 2093 3651 libello

445 3683 517 3738 de
546 3685 669 3739 Vita
702 3684 1012 3751 Guillelmi,
1046 3684 1106 3737 in
1137 3700 1257 3755 quo
1284 3684 1511 3738 obitum
1547 3685 1676 3754 ejus
1718 3701 1878 3740 anno
1938 3690 2092 3752 1031,

445 3774 629 3827 aetatis
660 3772 1120 3844 septuagesimo,
1153 3772 1468 3842 contigisse
1498 3773 1731 3828 disertis
1770 3774 1969 3829 verbis
2010 3774 2093 3827 af-

445 3859 733 3914 ﬁrmatur.
792 3863 1004 3914 Totum
1058 3876 1200 3914 vero
1244 3876 1395 3931 pene
1441 3861 1571 3915 vitae
1622 3878 1742 3917 suae
1774 3868 2010 3935 tempus
2035 3863 2096 3916 in

447 3947 789 4002 monasticae
818 3946 946 4001 vitae
974 3947 1263 4002 exercitiis
1290 3950 1650 4018 transegisse
1680 3966 1752 4005 ex
1801 3952 1914 4005 hoc
1965 3967 2098 4022 pro-

448 4033 644 4099 batur,
692 4034 857 4107 quod
908 4035 1006 4088 vix
1062 4035 1381 4107 septimum
1431 4031 1627 4091 'aatatis
1682 4055 1800 4093 suae
1868 4054 2095 4093 annum

448 4136 739 4192 egressus,
772 4123 832 4177 in
856 4123 1130 4178 coenobio
1162 4124 1501 4179 Luciacensi
1549 4131 1771 4181 vestem
1820 4127 2099 4182 monasti-

448 4226 579 4266 eam
605 4209 896 4280 induerit;
942 4211 1101 4267 unde
1156 4212 1457 4267 strictioris
1511 4213 1844 4286 disciplinae
1899 4215 2095 4271 studio

446 4300 772 4371 digressus,
800 4300 860 4356 in
890 4301 1320 4357 monasterium
1354 4303 1549 4359 Sancti
1595 4304 1905 4371 Michaelis,
1957 4321 2098 4360 mox

449 4388 799 4445 Cluniacum
828 4389 889 4444 in
921 4389 1167 4446 Galliam
1197 4407 1335 4445 cum
1368 4396 1574 4447 sancto
1616 4393 1822 4450 Maiolo
1856 4409 1983 4448 sese
2014 4410 2097 4448 re-

448 4479 601 4551 cepit
628 4483 716 4535 est
743 4483 945 4535 autem
978 4480 1316 4548 Luciacum,
1348 4497 1471 4543 seu,
1506 4486 1567 4537 ut
1595 4482 1689 4537 alii
1732 4483 1956 4552 dicunt,
1990 4485 2097 4537 Lu-

447 4567 682 4623 cedium
711 4571 815 4624 aut
836 4567 1174 4636 Locedium,
1205 4568 1387 4639 vulgo
1417 4570 1483 4625 di
1500 4571 2095 4642 Locedia,antiquum

446 4656 669 4712 ordinis
715 4656 908 4712 nostri
959 4657 1322 4725 coenobium,
1381 4658 1548 4730 quod
1598 4659 1871 4730 primitus
1901 4659 2096 4714 Sancti

447 4744 762 4812 lichaelis,
792 4750 1002 4817 postea
1032 4746 1223 4802 sancti
1267 4747 1527 4802 Januarii
1572 4747 1939 4820 appellatum
1988 4752 2094 4813 est,

447 4833 617 4891 obeo
643 4834 958 4890 translatas
986 4836 1116 4905 ejus
1145 4836 1446 4907 reliquias,
1501 4852 1538 4891 a
1593 4852 1716 4908 quo
1763 4836 1941 4892 etiam
1985 4837 2097 4892 cir-

447 4927 848 4996 cumposntum
871 4923 1165 4995 oppidum
1197 4925 1393 4982 Sancti
1416 4924 1678 4980 Januarii
1707 4939 1929 4980 nomen
1947 4925 2093 4982 tulit.

450 5013 636 5069 Situm
664 5017 752 5068 est
774 5012 940 5069 haud
965 5013 1174 5085 procul
1199 5030 1236 5069 a
1264 5014 1617 5069 Vercellensi
1645 5012 1793 5069 urbe
1822 5013 1900 5069 ad
1929 5015 2099 5087 cujus

446 5101 751 5157 dicacesim
779 5101 923 5157 olim
978 5102 1329 5174 pertinebat.
1372 5102 1557 5158 Hodie
1610 5118 1751 5158 vero
1800 5103 2099 5160 Casalensi

449 5190 818 5261 episcopatui
843 5189 1178 5262 subjectum
1210 5195 1299 5247 est
1341 5191 1401 5247 in
1444 5191 1735 5247 territorio
1785 5192 2102 5248 Montisfer—

448 5276 577 5332 rati.
613 5277 697 5332 Ex
723 5279 931 5335 ordine
969 5281 1347 5337 Benedictino
1405 5281 1485 5337 ad
1528 5281 1939 5338 Cistercienses
1988 5282 2103 5355 pri-

449 5380 621 5420 mum
643 5366 890 5431 transiit,
922 5383 993 5423 ac
1022 5369 1264 5426 tandem
1294 5374 1430 5443 post
1456 5370 1655 5426 varias
1700 5370 1968 5426 fortunas
2021 5371 2101 5426 ad

451 5453 695 5509 clericos
719 5454 1038 5510 saeculares
1058 5456 1285 5525 defecit,
1335 5464 1401 5514 ut
1438 5458 1717 5515 observat
1756 5459 2100 5515 Franciscus

449 5541 819 5612 Augustinus
850 5541 930 5598 ab
962 5542 1213 5602 Ecclesia
1258 5547 1318 5602 in
1358 5563 1466 5603 sua
1496 5547 1751 5603 Historia
1782 5548 2101 5604 Pedemon-

438 5634 611 5699 ‘tana,
640 5646 772 5704 cap.
802 5635 891 5687 33.

518 5725 571 5778 2.
613 5720 903 5779 Vicesimo
927 5736 1091 5778 nono
1120 5724 1307 5780 aetatis
1336 5740 1460 5780 suae
1489 5739 1671 5792 anno,
1712 5723 1827 5780 hoc
1855 5730 1944 5781 est
1969 5730 2096 5793 990,

2202 3599 2285 3651 cii
2312 3600 2564 3666 Benigni
2590 3614 2625 3652 a
2656 3599 2869 3654 domno
2894 3601 3180 3656 Brunone
3216 3603 3494 3671 episcopo
3525 3605 3817 3673 Lingonen-

2200 3687 2269 3749 si,
2302 3686 2492 3757 inquit
2520 3688 3013 3758 chronographus
3048 3689 3473 3757 Itenignianus,
3512 3693 3682 3763 cujus
3726 3702 3817 3741 seu-

2202 3774 2390 3828 tentiae
2424 3780 2632 3846 pneter
2661 3776 3034 3846 privilegium
3068 3778 3366 3834 Benedicti
3418 3796 3620 3853 papae,
3671 3782 3726 3834 ut
3749 3790 3820 3847 pu-

2202 3868 2345 3929 tant,
2376 3864 2628 3937 septimi,
2662 3865 2857 3920 eidem
2880 3865 3190 3922 Guillelmo
3218 3883 3603 3936 concessum,
3631 3868 3818 3925 obstare

2201 3951 2434 4007 videtur
2464 3952 2867 4022 fragmentum
2907 3955 3218 4028 quoddam
3270 3957 3624 4027 Benigniani
3660 3966 3819 4013 mona-

2203 4041 2360 4096 sterii
2384 4041 2641 4097 historiae
2666 4046 3110 4116 manuscriptae,
3138 4044 3201 4101 in
3227 4062 3350 4118 quo
3392 4047 3646 4103 ecclesia
3674 4036 3819 4101 sancti

2202 4129 2439 4199 Benigni
2469 4145 2504 4185 a
2535 4130 2841 4187 Guillelmo
2871 4132 3129 4205 incoepta
3156 4149 3317 4189 anno
3347 4138 3474 4206 982,
3531 4140 3589 4193 et
3621 4131 3821 4192 omnino

2200 4221 2531 4274 restaurata
2582 4234 2742 4274 anno
2795 4222 2919 4289 986,
2979 4220 3159 4276 fuisse
3206 4220 3441 4277 dicitur.
3494 4226 3704 4279 Verum
3728 4219 3819 4273 hzec

2201 4305 2348 4361 tanti
2371 4322 2492 4361 non
2525 4312 2664 4363 sunt
2721 4312 2784 4363 ut
2830 4324 2866 4364 a
2918 4309 3219 4382 scriptoris
3267 4312 3463 4382 gravis
3516 4318 3575 4369 et
3621 4304 3821 4383 aequalis

2202 4395 2547 4451 auctoritate
2576 4395 2745 4451 facile
2771 4397 3144 4468 recedamus,
3178 4399 3442 4455 maxime
3485 4418 3627 4457 cum
3654 4395 3820 4455 Glaber

2202 4483 2488 4538 Rodulfus
2548 4485 2724 4540 simul
2776 4489 2832 4540 et
2888 4486 3246 4543 Chronicum
3296 4505 3331 4543 a
3372 4489 3615 4547 Labbeo
3641 4486 3819 4544 editum

2203 4587 2341 4626 cum
2391 4572 2852 4646 chronographo
2909 4564 3277 4646 Benigniano
3317 4579 3727 4643 consentiant;
3774 4582 3819 4623 ac

2208 4663 2499 4719 Benedicti
2523 4678 2697 4737 papae
2727 4663 3265 4736 privilegiummon
3295 4667 3619 4724 Benedicto
3650 4667 3729 4721 VII
3748 4654 3821 4713 sed

2202 4754 2318 4805 VIII
2350 4751 2783 4822 assignandum
2814 4769 2949 4808 esse
2978 4759 3225 4821 constet,
3249 4755 3478 4828 quippe
3509 4753 3673 4830 quod
3700 4760 3820 4807 anno

2135 4871 2176 4926 ο
2206 4839 2413 4895 Christi
2442 4844 2575 4895 1015
2627 4841 2836 4897 datum
2892 4858 3019 4897 esse
3067 4842 3281 4912 legitur
3336 4846 3503 4917 apud
3559 4839 3819 4916 Ughellum

2203 4931 2367 4984 tomo
2399 4932 2442 4983 ll
2474 4929 2648 4985 Italiae
2680 4946 2887 4997 sacrae,
2920 4930 3031 4986 col.
3058 4935 3183 4989 996.

2274 5022 2325 5073 3.
2385 5018 2533 5074 Erat
2580 5014 2911 5089 praedictus
2979 5021 3344 5091 Willermus,
3406 5023 3605 5097 inquit
3655 5016 3818 5078 Glaber

2204 5104 2265 5160 in
2320 5106 2473 5162 libro
2534 5123 2591 5161 III
2654 5107 3064 5178 Historiarum,
3124 5125 3255 5182 cap.
3313 5115 3366 5178 5,
3408 5126 3555 5168 acer
3607 5103 3814 5180 ingenii),

2206 5198 2258 5249 et
2316 5194 2566 5264 insignis
2612 5196 2962 5264 prudentia,
3022 5197 3248 5253 idcirco
3302 5213 3605 5256 summum
3643 5199 3700 5252 in
3745 5203 3815 5261 ριν

2209 5282 2369 5337 latiis
2424 5298 2629 5353 regum
2687 5299 2759 5340 ac
2815 5290 3163 5341 caeterorum
3217 5288 3571 5356 principum
3644 5282 3816 5343 obtine-

2210 5371 2309 5425 bat
2369 5372 2579 5426 locum.
2660 5373 2796 5442 Ejus
2870 5372 3131 5443 elogium
3204 5375 3419 5447 paucis
3496 5376 3691 5434 verbis
3745 5360 3815 5423 sed

2206 5475 2341 5530 quae
2416 5458 2616 5514 multis
2687 5460 2855 5516 libris
2942 5463 3358 5535 praestantiora
3452 5470 3628 5532 sunt,
3697 5470 3814 5517 com‘

2206 5545 2480 5619 plectitur
2529 5546 2740 5603 beatus
2796 5549 2965 5605 0dilo
3022 5551 3151 5621 ejus
3210 5551 3323 5606 sub
3382 5560 3596 5612 sancto
3660 5541 3812 5609 Maiolo

2207 5635 2674 5708 condiscipulus,
2700 5637 2761 5692 in
2791 5638 2991 5695 libello
3023 5640 3244 5695 scilicet
3272 5640 3346 5697 de
3378 5645 3655 5714 ejusdem
3678 5627 3812 5695 salicii

2204 5725 2395 5783 Maioli
2447 5726 2612 5796 actis,
2674 5726 2779 5783 ubi
2831 5729 2960 5785 haec
3004 5729 3188 5786 habet
3249 5748 3262 5785 :
3321 5732 3401 5787 Et
3445 5740 3516 5789 ut
3560 5746 3703 5804 pace
3737 5720 3813 5793 πρέ·
