3892 6414
25 292 124 344 837

1379 278 1656 337 ΝΟΤΙἸΊΑ
1699 274 2098 335 HISTOBICA.

24 413 336 467 ritualium
371 411 670 479 artiﬁcum
696 412 757 465 in
786 410 986 466 eadem
1007 409 1243 479 fabrica
1269 406 1675 463 laborantium
1712 400 1760 453 A
1863 408 1915 459 4.
1951 405 2128 461 Porro
2159 407 2267 461 etsi
2298 408 2462 463 nullo
2492 409 2737 480 publico
2794 410 2976 476 cultu,
3004 412 3172 484 quod
3199 414 3449 485 quidem

24 503 239 569 dicam,
264 517 419 555 unus
444 502 747 569 praecipue
774 499 1153 569 re/ulsit,qui
1166 514 1361 565 nuper
1378 498 1547 552 rebus
1571 496 1678 549 hu-

22 592 215 646 manis
232 591 501 659 excessit,
525 595 579 644 et
601 591 704 659 qui
717 591 855 658 plus
881 589 1044 643 nobis
1067 588 1336 641 omnibus
1362 585 1677 652 laboravit,

22 682 226 735 domus
260 680 530 735 videlicet
556 679 737 734 abbas
788 678 1143 743 Willelmus,
1178 678 1250 731 de
1278 679 1450 745 cujus
1477 674 1682 729 claris-

23 770 182 824 simis
212 769 443 823 actibus
466 774 519 823 et
549 770 669 823 vita
694 766 993 822 laudabili
1011 772 1064 821 et
1091 766 1359 820 mirabili
1378 777 1685 819 conversa-

24 860 180 912 tione
194 858 469 926 parvilas
484 861 691 911 nostra
712 872 831 910 non
848 856 1075 924 sufﬁcit
1093 855 1251 926 quod
1274 859 1446 923 sentit
1471 852 1551 907 ad
1562 851 1685 919 ple-

23 964 163 1002 num
194 947 440 1016 referre.
462 944 765 1000 Jotsaldus
788 944 844 999 in
871 944 1111 999 Planctu
1144 944 1217 998 de
1240 943 1508 1012 ejusdem
1528 940 1687 1008 beati

24 1035 289 1091 Odilonis
314 1034 481 1089 obitu
523 1033 889 1088 Willelmum
950 1033 1127 1087 simul
1172 1038 1223 1086 et
1256 1032 1454 1104 ipsum
1495 1028 1687 1083 ()dilo-

24 1143 159 1181 nem
186 1124 401 1180 iisdem
431 1124 703 1179 versibus
757 1123 1034 1187 celebrat,
1065 1140 1219 1195 quos
1273 1122 1425 1177 infra
1456 1121 1515 1174 in
1548 1118 1684 1172 0di-

26 1216 176 1270 lonis
218 1214 423 1284 Elogio
471 1213 862 1286 proferemus.
918 1213 1203 1268 Eumdem
1262 1216 1430 1266 vetus
1480 1213 1688 1265 auctor

24 1302 296 1359 Chronici
318 1302 751 1358 Piscamnensis
788 1302 1133 1357 libm'alibus
1158 1302 1386 1355 artibus
1416 1299 1686 1367 apprime

24 1395 340 1461 eruditum,
370 1400 547 1463 atque
593 1392 926 1460 disciplinis
958 1392 1390 1456 ecclesiasticis,
1433 1388 1685 1439 eunetis-

22 1499 131 1554 que
151 1482 572 1552 spiritualibus
601 1482 906 1550 ofﬁciis...
940 1482 1227 1535 virtutum
1256 1480 1457 1547 gratia
1500 1477 1683 1530 imbu-

24 1581 142 1627 tum
173 1578 227 1627 et
272 1573 680 1627 illuminatum
742 1570 921 1624 fuisse
982 1570 1199 1624 scribit.
1264 1569 1408 1622 Hinc
1448 1566 1682 1621 nullum

24 1662 207 1715 ferme
236 1661 341 1715 fuit
370 1661 429 1715 in
462 1663 730 1715 Romano
758 1660 1006 1730 imperio
1034 1658 1485 1715 monasterium.
1515 1654 1679 1726 quod

1790 494 2069 559 sciamus,
2104 497 2263 568 apud
2298 502 2525 552 veteres
2551 504 2793 553 sanctus
2822 499 3167 557 Guillelmus
3197 504 3453 561 honora-

1792 590 1884 638 tus
1916 584 2108 652 fuerit,
2148 585 2313 641 illum
2346 592 2544 642 tamen
2574 588 2635 642 in
2664 587 2829 643 fastis
2860 590 3044 645 sacris
3073 590 3153 647 ad
3170 591 3332 649 diem
3359 596 3451 649 Ja-

1790 674 2006 741 nuarii,
2038 675 2140 746 qui
2173 677 2301 746 ejus
2329 677 2542 733 natalis
2596 682 2702 744 est,
2742 677 2895 733 inter
2920 686 3158 737 sanctos
3185 681 3451 738 inserue-

1792 763 1929 813 runt
1947 760 2245 815 Arnoldus
2287 762 2450 816 Wion
2474 766 2531 816 et
2552 764 2676 831 Ugo
2699 763 3010 819 Menardus
3039 764 3100 820 in
3122 766 3451 836 Menologio

1793 858 1863 897 ac
1886 845 2293 916 Martyrologio
2326 845 2718 902 Benedictinis
2747 863 2902 919 quos
2927 848 3136 906 imitati
3160 852 3450 908 recentio-

1794 946 1887 985 res
1908 948 2141 995 omnes,
2182 937 2379 989 sancti
2405 934 2648 990 nomine
2677 934 2981 992 donarunt
3012 954 3024 994 :
3057 954 3166 994 nec
3192 938 3452 997 immeri~

1796 1025 1875 1076 to.
1908 1039 2046 1078 cum
2068 1027 2231 1078 tanta
2262 1027 2481 1095 priesto
2510 1023 2626 1079 sint
2654 1023 2734 1079 ad
2763 1023 2919 1080 illius
2946 1027 3317 1084 sanctitatem
3344 1028 3450 1085 deo

1795 1111 2252 1168 monstrandam
2306 1117 2682 1181 argumenta,
2715 1112 2812 1168 vix
2838 1118 2902 1169 ut
2923 1114 3045 1173 ulla
3084 1132 3196 1188 pro
3232 1117 3450 1188 quovis

1796 1200 1975 1269 hujus
2006 1200 2209 1256 saeculi
2238 1205 2442 1256 sancto
2493 1201 2743 1257 certiora
2786 1204 3176 1274 reperiantur,
3234 1222 3453 1279 nempe

1796 1290 2002 1345 mortis
2028 1290 2410 1361 praecognito,
2444 1290 2872 1347 miraculorum
2903 1294 3180 1363 patratio,
3212 1311 3282 1350 ac
3328 1311 3452 1367 pra;

1795 1380 2018 1434 ea'teris
2050 1380 2428 1447 integerrima
2462 1379 2599 1442 vita,
2625 1396 2696 1435 ac
2725 1380 2944 1447 regulae
2967 1384 3313 1439 monasticas
3343 1384 3453 1441 ob-

1796 1467 2052 1523 servatio
2085 1467 2590 1533 singularisliinc
2609 1468 2821 1524 Glaber
2846 1469 2985 1525 Vitas
3016 1472 3147 1540 ejus
3180 1471 3450 1544 scriptor,

1794 1557 1881 1611 vir
1903 1558 2099 1623 gravis
2129 1563 2185 1612 et
2210 1573 2446 1623 magnae
2465 1557 2852 1627 auctoritatis,
2871 1559 3063 1630 capite
3085 1559 3453 1625 ultimo,san-

1792 1646 1868 1702 cti
1898 1646 2185 1702 Guillelmi
2214 1652 2465 1701 mortem
2497 1647 2579 1701 ad
2620 1654 2889 1703 sanctum
2931 1648 3206 1717 deiﬁcum
3253 1651 3452 1709 lumen

23 1747 315 1805 Guillelmi
365 1765 521 1803 cura-
566 1764 685 1803 non
729 1749 1117 1803 commissum
1174 1747 1361 1810 fuerit,
1410 1759 1671 1816 quorum
1708 1739 1753 1793 B
1785 1738 2107 1791 transitum
2141 1734 2423 1807 appellat,
2475 1734 2894 1807 observatque,
2927 1736 3093 1808 quod
3124 1742 3332 1793 notatu
3360 1739 3451 1796 di-

28 1837 340 1892 nonnullis
373 1836 498 1909 ipse
533 1839 781 1909 praefuit,
825 1843 925 1891 aut
965 1836 1288 1908 discipulos
1316 1852 1458 1889 suos
1490 1832 1692 1905 praefe-

28 1928 103 1981 cit
134 1944 146 1980 :
184 1932 536 1981 cmterorum
570 1943 711 1980 vero
763 1927 1030 1993 abbates,
1072 1927 1174 1997 qui
1202 1927 1326 1995 jam
1373 1924 1482 1977 illis
1515 1939 1689 1994 praee-

32 2021 184 2081 rant,
208 2014 333 2069 suis
357 2015 645 2086 exemplis
674 2032 741 2069 ac
769 2015 1010 2069 monitis
1042 2015 1117 2068 ad
1150 2018 1488 2068 accuratam
1518 2028 1690 2074 regu-

32 2104 163 2158 laris
189 2104 520 2176 disciplina?
569 2105 804 2176 praxim
833 2104 1104 2173 adduxit,
1145 2106 1346 2159 Beata’
1374 2103 1688 2169 memoriae,

30 2194 218 2265 inquit
251 2194 409 2248 idem
441 2199 665 2259 auctor,
715 2194 1051 2249 Willelmus
1078 2196 1259 2249 abbas
1307 2208 1431 2249 sure
1461 2193 1693 2259 religio-

34 2280 123 2331 nis
153 2280 473 2347 af/luentia
502 2280 681 2333 totius
714 2285 920 2347 partes
972 2280 1223 2333 Romani
1268 2279 1507 2347 imperii
1528 2279 1693 2332 illus-

36 2366 256 2429 trabat,
289 2366 687 2437 abbatumque
716 2368 1045 2421 multorum
1078 2368 1302 2435 tepidos
1325 2368 1551 2421 animos
1600 2366 1694 2419 sui

31 2450 288 2515 fervoris
315 2452 576 2519 imagine
618 2451 987 2519 reformabat
1035 2456 1091 2505 et
1124 2451 1501 2506 accendebat.
1544 2453 1690 2504 Eum

42 2537 399 2604 Sigebertus,
431 2538 507 2592 ad
536 2554 761 2593 annum
794 2543 947 2603 £027,
982 2545 1247 2593 recenset
1274 2539 1423 2594 inter
1443 2538 1692 2593 abbates

42 2623 451 2687 nominabiles,
485 2639 746 2694 quorum
800 2640 982 2695 opera
1030 2625 1241 2692 religio
1295 2624 1693 2679 ecclesiastica

42 2710 259 2766 saeculo
287 2728 343 2766 XI
385 2709 600 2766 ﬂoruit.
630 2714 700 2767 In
732 2713 993 2767 Francia
1042 2714 1276 2782 quidem
1332 2719 1385 2767 et
1419 2714 1693 2781 Burgun-

37 2800 222 2856 dia....
248 2816 361 2870 per
400 2802 785 2857 Guillelmum
834 2804 1242 2857 Divionensem
1271 2803 1583 2857 severitate
1607 2815 1693 2855 re-

40 2891 374 2946 verendum.
411 2891 695 2962 Denique,
718 2895 783 2945 ut
804 2890 986 2946 habet
1029 2890 1241 2945 Glaber
1266 2890 1397 2945 loco
1426 2890 1688 2953 laudato,

34 2977 424 3047 quodcunque
443 2979 869 3034 monasterium
886 2980 1138 3047 proprio
1170 2979 1537 3034 viduabatur
1557 2993 1692 3047 pas-

37 3072 178 3135 tore,
200 3069 404 3124 statim
429 3070 897 3135 compellebatur
921 3075 1043 3125 tam
1075 3085 1111 3125 a
1139 3070 1373 3138 regibus
1407 3072 1499 3125 vel
1519 3070 1690 3124 comi-

37 3155 207 3221 tibus,
237 3172 418 3226 quam
446 3171 484 3212 a
521 3158 923 3225 pontiﬁcibus,
976 3164 1036 3211 ul
1088 3159 1450 3213 meliorandi
1489 3160 1690 3228 gratia

38 3244 192 3300 illud
219 3246 302 3301 ad
323 3246 648 3316 regendum
675 3247 1171 3314 susciperet.llinc
1201 3247 1402 3315 ipsum
1433 3248 1691 3320 quadra-

38 3332 197 3399 ginta
228 3334 347 3390 fere
376 3335 752 3390 monasteriis
797 3335 1139 3406 przel'cctum
1168 3337 1346 3391 fuisse
1378 3337 1535 3392 idem
1559 3353 1694 3391 auc-

40 3425 124 3477 tor
142 3424 371 3491 asserit,
403 3440 663 3495 quorum
695 3424 980 3496 pleraque
1012 3425 1507 3498 chronographus
1524 3426 1693 3480 Beni-

38 3511 293 3577 gnianus
348 3519 632 3578 recenset,
692 3513 959 3570 videlicet
998 3520 1210 3586 praeter
1264 3516 1694 3587 Benignianum

38 3598 107 3653 de
132 3617 255 3674 quo
286 3602 427 3670 agit,
462 3602 863 3671 Verziacense,
926 3605 1247 3667 Besuense,
1303 3606 1690 3669 Reomaense,

38 3689 507 3755 Tomodorense,
565 3692 963 3759 Melundense,
1024 3692 1218 3747 Sancti
1268 3694 1491 3748 Arnulﬁ
1559 3697 1693 3750 Met-

38 3779 217 3845 tense,
287 3780 447 3835 Santi
506 3781 649 3852 Apri
705 3780 993 3845 Tullense,
1050 3781 1384 3849 Gorziense,
1435 3783 1694 3838 Fiscam-

35 3881 237 3937 nense,
272 3870 693 3939 Gemeticense,
726 3870 915 3926 sancti
938 3870 1208 3925 Andoeni
1237 3874 1693 3941 Hotomagense,

35 3959 181 4012 santi
219 3959 515 4015 Michaelis
565 3961 627 4016 in
688 3966 891 4016 monte
921 3961 1171 4027 Tumba,
1221 3963 1420 4018 Sancti
1450 3964 1694 4018 Faronis

36 4045 348 4117 Meldr'nse,
380 4048 577 4105 Sancti
600 4050 873 4105 Germani
906 4049 1248 4115 Parisiense,
1286 4052 1694 4108 Fructuarien-

33 4150 113 4202 se,
144 4138 179 4191 S
204 4138 345 4194 incti
376 4139 672 4195 Amatoris
699 4155 886 4211 prope
942 4140 1255 4209 Lingonas,
1306 4142 1535 4197 Sancta:
1578 4145 1693 4199 Ma-

34 4223 129 4280 riae
158 4242 351 4299 prope
407 4227 1050 4299 Saxonicum-fontem,
1090 4229 1312 4301 quibus
1355 4231 1522 4288 addit
1565 4233 1695 4288 Gla-

32 4311 136 4368 ber
168 4317 606 4373 monasterium
649 4319 848 4374 Sancti
878 4318 1178 4375 Saturnini
1226 4319 1303 4376 ad
1336 4322 1691 4377 Rhodanum

1799 1825 2157 1894 gnissimum
2185 1830 2291 1889 est,
2323 1840 2458 1895 quae
2482 1824 2543 1878 in
2574 1824 2718 1878 vivis
2741 1824 2937 1881 adhuc
2970 1841 3156 1895 agens
3171 1831 3452 1898 operatus

1797 1921 1923 1971 erat
1952 1914 2258 1969 miracula.
2296 1915 2473 1969 etiam
2530 1920 2587 1969 et
2613 1920 2746 1986 post
2774 1920 3028 1970 mortem
3084 1915 3162 1971 ad
3188 1916 3317 1986 ejus
3367 1932 3455 1972 se-

1798 2005 2071 2077 pulcrum
2105 2003 2481 2075 perdurasse.
2515 2003 2863 2058 Audiendus
2894 2009 2982 2060 est
3007 2004 3069 2060 in
3096 2004 3199 2060 lib.
3246 2021 3299 2059 Iv
3339 2004 3454 2060 His-

1798 2089 2104 2155 toriarum,
2135 2107 2185 2145 c.
2209 2094 2262 2146 4.
2300 2092 2489 2147 Unum
2521 2098 2726 2159 restat,
2759 2092 2972 2164 inquit,
3002 2093 3163 2163 quod
3189 2094 3330 2149 novi
3351 2093 3456 2148 ibi-

1798 2179 1927 2233 dem
1952 2180 1965 2247 (
1974 2179 2032 2234 in
2064 2180 2255 2234 sancti
2287 2180 2577 2235 Guillelmi
2598 2180 2740 2249 Vita)
2763 2183 3004 2237 minime
3032 2183 3455 2239 continetiMi-

1797 2270 1995 2338 gravit
2020 2270 2170 2323 enim
2196 2269 2519 2337 praedictus
2546 2270 2732 2324 Pater
2759 2284 2797 2325 a
2815 2271 3030 2326 saeculo
3051 2270 3132 2326 ad
3154 2270 3456 2327 beatorum

1799 2360 2058 2428 requiem
2089 2360 2151 2413 in
2180 2359 2483 2414 Neustrid‘
2510 2358 2808 2426 partibus,
2836 2360 2897 2415 in
2938 2360 3355 2416 Fiscamnense
3376 2361 3456 2416 vi-

1798 2448 2009 2502 delicet
2040 2449 2465 2505 monasterio...
2514 2448 2894 2517 sepultusque
2934 2454 3040 2512 est.
3094 2450 3186 2504 uti
3222 2454 3456 2505 tantum

1798 2536 2151 2592 concedebat
2175 2538 2389 2601 virum,
2416 2538 2478 2590 in
2506 2537 2632 2591 loco
2664 2537 2883 2604 optimo
2900 2537 3157 2606 ejusdem
3175 2538 3453 2594 ecclesia.

1800 2626 1939 2679 Post
1966 2626 2195 2695 aliquot
2218 2627 2347 2693 fere
2389 2626 2512 2680 dies
2558 2626 2828 2694 conligit,
2861 2631 2925 2680 ut
2949 2627 3241 2694 puerulus
3266 2627 3458 2695 ferme

1798 2714 2070 2767 decennis
2094 2712 2297 2768 valida
2314 2713 2617 2781 confectus
2642 2713 2999 2781 aegritudine
3019 2713 3100 2769 ad
3113 2714 3454 2782 sepulcrum

1800 2803 1963 2855 illius
1988 2803 2189 2871 gratia
2206 2801 2632 2869 recuperanda
2654 2801 2868 2857 salutis
2895 2801 3234 2869 duceretur,
3257 2803 3457 2873 ibique

1799 2905 1833 2945 a
1853 2890 2203 2958 parentibus
2229 2890 2527 2959 dimissus,
2554 2889 2887 2947 decubabat
2907 2891 3086 2947 solus.
3130 2891 3245 2958 Qui
3261 2890 3455 2947 subito

1798 2981 2137 3049 respiciens,
2172 2980 2318 3036 vidit
2348 2995 2528 3049 super
2546 2980 2700 3037 idem
2733 2982 3075 3049 sepulcrum
3102 2980 3455 3039 insidentem

1800 3071 2121 3138 aviculam,
2151 3071 2411 3139 formam
2470 3069 2759 3126 columba?
2781 3071 3222 3139 praeferentem,
3276 3085 3457 3141 quam

1800 3162 1903 3215 diu
1930 3162 2163 3218 intuens
2202 3161 2556 3216 obdormivit
2586 3175 2609 3227 ,'
2636 3160 2853 3217 dehinc
2886 3162 3005 3217 leni
3026 3162 3296 3230 expletus
3311 3176 3459 3217 som-

1802 3266 1877 3305 no
1926 3252 2238 3319 evigilans,
2270 3253 2354 3306 ita
2384 3266 2444 3307 se
2474 3251 2691 3319 reperit
2724 3251 3101 3318 incolumem,
3124 3265 3195 3308 ac
3224 3266 3274 3307 si
3302 3250 3457 3307 nihil

1803 3340 2180 3408 (egritudinis
2229 3341 2631 3408 persensisset.
2677 3339 3031 3408 Suscipiunt
3080 3340 3281 3411 itaque
3337 3339 3462 3396 lati

1798 3433 2078 3495 parentes
2097 3444 2293 3495 suum,
2317 3428 2387 3495 ﬁt
2412 3426 2682 3483 omnibus
2708 3442 3017 3484 commune
3038 3428 3350 3497 gaudium.

1962 3515 2159 3571 Sancti
2189 3514 2480 3569 Guillelmi
2506 3530 2723 3585 corpus
2753 3514 2816 3569 in
2841 3515 3055 3584 majori
3087 3515 3462 3571 Fiscamnen-

1805 3602 1851 3656 si
1882 3602 2127 3657 basilica
2145 3602 2503 3658 tumulatum
2530 3606 2639 3671 est,
2671 3603 2732 3656 in
2758 3608 3072 3670 conspectu
3095 3604 3363 3661 euntium
3385 3619 3459 3661 ac

1806 3692 2175 3746 redeuntium
2205 3692 2496 3760 fratrum,
2550 3688 2744 3760 inquit
2774 3689 2919 3743 Vitae
2949 3694 3176 3757 auctor,
3214 3690 3330 3746 hoc
3373 3695 3462 3748 est

1803 3786 1939 3836 ante
1993 3780 2181 3836 sancti
2233 3779 2469 3835 Taurini
2518 3779 2892 3834 Ebroicensis
2942 3779 3208 3852 episcopi
3252 3780 3458 3852 altare,

1801 3870 1968 3942 quod
1999 3868 2176 3925 hodie
2208 3868 2396 3925 sancti
2424 3870 2483 3923 P.
2517 3868 2820 3923 Benedicti
2848 3867 3203 3941 appellatur.
3234 3872 3316 3926 Ex
3344 3871 3461 3927 hoc

1802 3964 2004 4015 autem
2029 3959 2162 4015 loco
2193 3958 2583 4031 postmodum
2632 3956 2695 4012 in
2725 3956 3012 4013 sacellum
3041 3958 3229 4015 beatae
3271 3960 3462 4018 Marias

1801 4048 2164 4117 lagdalena:
2197 4064 2435 4104 sacrum
2463 4048 2609 4119 (quo
2640 4051 2907 4119 tempore
2938 4064 3135 4120 quave
3181 4048 3258 4105 de
3283 4066 3466 4107 causa

1799 4138 2129 4208 ignoratur)
2163 4137 2243 4194 ad
2265 4137 2423 4194 latus
2462 4135 2768 4207 Evangelii
2811 4136 3171 4194 translatum
3223 4144 3331 4206 est,
3360 4137 3464 4195 ubi

1800 4226 2103 4300 hodieque
2125 4225 2187 4282 in
2215 4226 2590 4297 sarcophago
2619 4224 2880 4297 lapideo,
2913 4230 3029 4282 tres
3056 4225 3242 4299 pedes
3280 4224 3464 4297 longo

1803 4333 1873 4372 ac
1902 4333 2118 4372 novem
2150 4315 2394 4387 pollices
2423 4314 2566 4384 lato,
2598 4314 2753 4370 intra
2783 4314 3024 4385 parietis
3054 4330 3361 4371 cameram
3385 4314 3465 4371 ad

36 4401 305 4474 ﬂuviim,
346 4407 514 4478 quod
542 4407 727 4462 modo
757 4408 815 4463 in
874 4408 1202 4479 prioratum
1245 4410 1554 4467 redactum
1583 4416 1689 4479 est,
1729 4438 1775 4495 Β
1808 4405 2269 4478 septentrionem
2301 4403 2601 4459 inclusum
2655 4407 3021 4471 asset-vatur,
3063 4419 3203 4459 cum
3232 4403 3346 4459 hac
3401 4402 3465 4459 in

30 4494 397 4550 mon‘isterio
428 4495 919 4552 Ambroniacensi
942 4498 1298 4569 subjectum.
1353 4501 1431 4556 De
1454 4501 1545 4557 his
1571 4518 1699 4557 om-

33 4578 206 4635 nibu;
239 4581 496 4638 seorsim
552 4599 729 4653 agere
769 4599 892 4641 non
949 4591 1143 4653 vacat,
1185 4592 1247 4645 at
1298 4588 1374 4644 de
1418 4592 1697 4648 Fructua-

32 4668 225 4737 riensi,
285 4668 454 4742 quod
485 4668 644 4725 idem
696 4674 783 4725 vir
829 4677 1069 4729 sanctus
1117 4674 1178 4731 iu
1238 4675 1427 4731 fundo
1449 4682 1699 4749 paterno

34 4760 322 4829 condidit,
373 4774 443 4814 ac
500 4759 574 4815 de
628 4759 1054 4829 Fiscamnensi,
1097 4763 1159 4818 in
1199 4780 1323 4836 quo
1381 4765 1700 4826 defunctus

34 4849 136 4915 est,
190 4846 488 4904 nonnulla
527 4846 880 4918 subjicimus
929 4865 1001 4904 ex
1048 4852 1401 4908 earumdem
1429 4854 1701 4914 locorum

33 4936 463 4992 monumentis.
538 4940 615 4992 De
673 4936 1044 5007 Benigniano
1109 4956 1254 4995 vero
1312 4946 1368 4997 et
1420 4942 1706 5002 Besuensi

34 5025 417 5094 potissimum
471 5026 757 5100 scripsere
817 5027 1261 5102 chronographi
1288 5030 1536 5087 istorum
1577 5051 1704 5090 mo-

32 5116 458 5186 nasteriorum,
507 5133 770 5190 quorum
826 5122 1103 5191 excerpta
1158 5118 1407 5176 inferius
1444 5122 1709 5193 profere-

31 5218 187 5261 mus.

1804 4492 2036 4567 plumbi
2086 4490 2316 4546 lamina
2372 4490 2774 4563 inscriptione,
2825 4506 2959 4562 quae
3012 4507 3174 4548 anno
3204 4494 3338 4547 1638
3366 4490 3465 4547 de-

1808 4587 1961 4639 tecta
1995 4584 2105 4638 est.

1915 4764 2202 4819 Abbatem
2227 4762 2475 4831 plenum
2503 4760 2689 4816 lector
2717 4773 2998 4829 cognosce
3016 4759 3250 4817 dierum

1990 4852 2240 4910 Nomine
2274 4850 2655 4916 Willelmum,
2689 4849 2786 4905 hic
2801 4848 3087 4906 recubare
3115 4862 3328 4905 senem.

1921 4948 2041 5001 Iste
2070 4942 2186 4999 loci
2204 4942 2438 5011 primus
2455 4945 2666 5009 pastor
2679 4938 3067 5009 praefulserat
3093 4939 3296 5009 hujus,

1996 5035 2119 5102 Quo
2141 5030 2351 5087 statuit
2383 5029 2598 5083 multos
2626 5028 2808 5084 dante
2835 5028 2954 5081 Deo
2982 5026 3322 5083 monachos.

1921 5124 2071 5179 Jani
2091 5122 2294 5190 prima
2322 5119 2441 5175 dies
2470 5119 2685 5175 anima
2714 5130 2867 5172 nova
2881 5116 3107 5172 claruit
3126 5118 3273 5187 ejus.

1960 5279 1964 5282 ,
1997 5212 2111 5269 Cui
2136 5225 2292 5267 nova
2316 5208 2649 5265 Jerusalem
2677 5205 2851 5263 obvia
2874 5209 3000 5260 tota
3019 5205 3164 5275 fuit.

788 5390 927 5475 DE
1024 5386 1732 5481 MONASTERIO
1817 5383 2705 5479 FRUCTUARIENSI

1215 5518 1261 5570 A
1301 5518 1524 5576 ΒΕΑΤο
1566 5519 1938 5577 WILLELMO
1976 5512 2300 5571 CONDITO.

105 5669 154 5721 i.
187 5666 345 5722 Cum
375 5665 473 5721 vix
503 5665 730 5739 aliquid
758 5666 833 5722 de
865 5667 1297 5723 Fructuariensi
1328 5668 1693 5724 monasterio

31 5752 332 5818 habeatur
345 5758 477 5812 tum
490 5755 553 5812 in
577 5755 703 5813 Vita
725 5754 1027 5812 Gusilelmi
1041 5773 1078 5813 a
1092 5756 1313 5814 Glabro
1335 5757 1696 5830 conscripta,

1800 5671 1929 5722 tum
1946 5663 2110 5737 apud
2128 5661 2660 5734 chronographum
2690 5661 3151 5731 Benignianum,
3167 5662 3363 5719 visum
3382 5663 3473 5716 est

1804 5755 1904 5814 hic
1921 5754 2105 5830 paulo
2126 5752 2317 5810 fusius
2341 5752 2418 5811 de
2458 5767 2534 5812 eo
2560 5767 2761 5823 agere,
2791 5768 2933 5815 cum
2951 5752 3112 5811 hanc
3136 5751 3358 5813 habeat
3375 5764 3469 5807 su-
