3892 6382
403 262 507 315 839

1344 254 1398 309 S.
1441 251 1867 307 GUILLELMUS
1903 246 2133 303 ABBAS
2173 247 2228 302 S.
2270 248 2548 303 BENIGNI
2588 249 2851 307 DIVION.

3783 256 3877 307 8H

404 398 511 455 per
592 384 803 437 caetera
858 377 1236 447 monasteria,
1295 391 1428 448 qtue
1483 374 1801 429 Willelmus
1850 376 2049 428 noster
2088 413 2132 465 Α
2160 372 2445 426 mcntiam
2475 372 2619 427 adiit
2648 376 2854 444 petens
2883 372 3197 445 quoddam
3225 375 3733 431 monasterium
3760 391 3877 432 nos-

402 472 573 535 rexit,
606 469 1086 543 praerogativam,
1119 466 1279 538 quod
1303 464 1379 520 ab
1409 481 1479 520 eo
1508 464 1566 519 in
1599 481 1719 519 suae
1747 463 1930 534 ipsius
1949 479 2050 534 pa-

407 566 587 616 ternae
616 557 970 614 haereditatis
1015 554 1202 610 fundo
1229 553 1536 609 conditum
1566 552 1758 619 fuerit,
1792 551 2050 623 indeque

406 649 730 721 plurimum
768 646 897 716 ejus
944 644 1089 700 initii
1120 643 1321 699 notitia
1367 642 1675 715 profutura
1715 640 1788 695 sit
1825 640 1903 694 ad
1927 638 2053 693 illu-

405 736 646 792 stranda
675 734 948 805 ejusdem
1000 732 1158 787 beati
1186 731 1294 786 viri
1339 735 1521 800 gesta.
1571 730 1757 787 Situm
1788 732 1875 783 est
1904 728 2052 783 inter

404 826 525 881 duo
555 824 804 880 ﬂumina
827 826 1043 879 Orcum
1074 827 1130 877 et
1158 821 1506 876 Amalonem
1546 820 1604 874 in
1630 819 1816 873 Gallia
1848 817 2053 874 Subal-

404 914 565 986 pina,
592 912 746 967 intra
776 910 1186 982 Eporediensis
1228 908 1500 964 dimcesis
1529 908 1697 962 ﬁnes.
1734 905 2049 962 Conditum

404 1002 600 1074 primo
629 1000 737 1055 fuit
781 1004 838 1054 et
882 999 1151 1054 dotatum
1200 997 1544 1053 liberalitate
1598 996 1846 1051 fratrum
1891 993 2050 1049 beati

407 1089 697 1154 Willelmi,
766 1087 1137 1159 aliorumque
1192 1087 1376 1158 ipsius
1442 1084 2047 1153 consanguineorum,

407 1184 534 1235 tum
564 1178 744 1234 variis
774 1177 1027 1232 aliorum
1076 1175 1499 1231 donationibus
1546 1180 1809 1242 auctum,
1860 1188 1929 1227 ac
1954 1172 2052 1226 de-

405 1284 573 1323 mum
604 1266 941 1339 principum
970 1270 1024 1320 et
1056 1281 1428 1319 summorum
1467 1262 1818 1335 pontiﬁcum
1864 1260 2051 1332 diplo-

404 1357 663 1413 matibus
692 1361 748 1411 et
775 1354 1088 1428 privilegiis
1116 1354 1420 1409 ﬁrmatum
1452 1358 1508 1408 et
1537 1352 1855 1415 munitum,
1903 1349 2050 1405 nulli

401 1446 520 1501 fere
548 1445 720 1501 totius
770 1444 946 1499 Italiae
1000 1443 1356 1498 monasterio
1404 1447 1531 1497 tum
1571 1440 1892 1507 nobilitate,
1923 1443 2048 1493 tum

402 1534 741 1589 divitiarum
770 1532 1091 1597 afﬂuentia,
1127 1532 1319 1587 cessit.
1379 1533 1515 1601 Ejus
1562 1529 1784 1584 natalia
1840 1526 2049 1599 paucis

402 1622 675 1694 exprimit
704 1625 873 1676 vetus
905 1626 1111 1676 auctor
1140 1620 1231 1675 his
1278 1619 1568 1687 versibus,
1596 1634 1749 1689 quos
1792 1616 2048 1671 Francis-

403 1728 506 1766 cus
537 1710 902 1778 Augustinus
928 1709 1006 1763 ab
1037 1708 1304 1773 ecclesia,
1328 1725 1396 1763 ex
1430 1706 1674 1778 antiquo
1706 1704 2048 1761 monasterii
2082 1748 2119 1802 Β

402 1802 689 1857 Chronico
719 1799 1065 1871 descriptos,
1102 1799 1362 1854 Historiae
1418 1814 1541 1853 sure
1587 1796 2046 1852 Pedemontanaa

398 1888 658 1944 inseruit.

404 1980 459 2035 Si
484 1982 617 2052 quis
649 1980 1003 2035 Fructuariaa
1028 1978 1253 2033 mavult
1275 1992 1644 2050 praenoscere
1670 1974 1916 2047 quando

472 2069 737 2125 C(enobii
762 2072 1025 2139 cceptum
1053 2066 1159 2121 rite
1192 2066 1398 2121 fuisset
1434 2083 1586 2138 opus
1616 2082 1628 2119 :

401 2156 735 2213 Millesimus
758 2155 1027 2210 sublimis
1057 2158 1183 2209 erat
1210 2158 1350 2209 tunc
1382 2154 1585 2208 tertius
1624 2167 1818 2207 annus

474 2246 680 2298 Partus
710 2242 953 2310 virginei
984 2242 1266 2313 Principis
1295 2242 1548 2296 aetherei.

406 2330 590 2387 Martii
623 2335 903 2402 septenae,
934 2347 1037 2385 seu
1063 2330 1303 2384 indictio
1332 2330 1526 2401 prima
1556 2326 1855 2395 Kalendae,

472 2424 727 2491 Tempus
757 2419 849 2473 vel
870 2435 1109 2473 cursum
1131 2418 1312 2473 ambo
1344 2433 1519 2472 suum
1546 2419 1856 2488 peragunt.

400 2512 519 2564 Rex
548 2507 841 2563 Ardoinus
874 2506 1089 2578 sceptri
1111 2506 1518 2562 moderamine
1550 2505 1729 2559 ﬁssus

470 2601 652 2667 Regat
679 2596 739 2652 in
768 2596 1067 2669 Hesperia,
1092 2596 1277 2652 tendit
1304 2596 1364 2650 in
1395 2594 1742 2650 Ausoniam.

397 2685 790 2758 Adjuvatipse
808 2685 1005 2740 locum
1035 2684 1342 2750 Dominus,
1375 2699 1556 2756 quem
1587 2697 1833 2737 munere
1859 2679 2043 2746 dotat,

466 2774 665 2830 Rebus
692 2772 988 2828 consuluit
1013 2771 1291 2828 fratribus
1319 2770 1596 2826 assiduis.

394 2863 612 2919 Praesul
637 2862 987 2919 Ottobianus
1016 2861 1181 2932 quod
1197 2862 1328 2931 jure
1357 2858 1616 2915 dicando
1648 2857 1918 2926 sacravit,

466 2951 667 3006 Abbas
696 2950 1016 3005 Willelmus
1044 2949 1328 3004 construit
1351 2950 1465 3003 hoc
1498 2948 1765 3003 Domino.

468 3044 520 3093 2.
553 3038 666 3096 Sed
695 3054 873 3093 nemo
903 3037 1114 3092 melius
1164 3036 1506 3092 monasterii
1546 3036 1636 3090 sui
1692 3034 1914 3090 natalia
1948 3051 2045 3088 ex-

397 3094 781 3200 ponit‘quam
811 3125 937 3197 ipse
969 3124 1330 3191 Guillelmus,
1360 3125 1530 3195 cujus
1557 3124 1691 3178 ideo
1721 3124 1986 3178 chartam
2012 3139 2046 3178 a
2075 3094 2113 3149 Ο

397 3216 643 3272 laudato
674 3218 913 3271 auctore
934 3229 1007 3268 ex
1035 3212 1468 3268 Fructuariensi
1496 3212 1756 3269 archivio
1797 3212 2044 3267 relatam

398 3305 791 3363 describimus
813 3302 983 3359 infra.

469 3401 520 3452 3.
548 3398 674 3459 Quo
699 3409 859 3450 anno
878 3393 1342 3449 instrumentum
1372 3391 1532 3448 istud
1563 3391 1895 3447 confectum
1926 3390 2047 3447 fue-

349 3494 353 3498 '
393 3484 468 3541 rit
485 3483 776 3540 incertum
805 3482 950 3537 mihi
988 3485 1095 3547 est,
1157 3498 1293 3537 cum
1336 3480 1393 3536 id
1427 3485 1531 3537 aut
1554 3497 1676 3536 non
1697 3480 2047 3553 expresserit

392 3574 517 3647 ipse
547 3572 1000 3640 Willelmus,aut
1021 3575 1174 3628 certe
1200 3571 1405 3628 datam
1433 3570 1697 3628 omiserit
1710 3571 1813 3643 qui
1843 3571 2043 3644 ipsum

393 3681 463 3720 ex
494 3663 869 3735 autographo
894 3661 1227 3733 descripsit,
1257 3661 1359 3734 qui
1390 3661 1568 3718 etiam
1608 3664 1711 3717 aut
1738 3660 1817 3715 ob
1846 3659 2041 3730 legen-

392 3751 455 3807 di
478 3750 856 3823 imperitiam,
886 3754 989 3805 aut
1016 3749 1215 3804 nescio
1245 3765 1367 3821 qua
1404 3748 1519 3804 alia
1558 3748 1632 3803 de
1679 3762 1887 3817 causa,
1917 3761 2045 3800 mo-

394 3842 755 3893 numentum
786 3837 942 3892 istud
986 3837 1137 3892 adeo
1179 3837 1507 3908 pretiosum
1561 3836 1761 3891 multis
1807 3832 2041 3889 mendis

393 3924 627 3980 videtur
650 3925 1017 3995 respersisse.
1052 3927 1338 3980 Caeterum
1368 3940 1441 3979 ex
1464 3923 1644 3979 variis
1670 3922 1885 3979 chartis
1906 3937 2040 3994 quae

396 4030 434 4070 a
473 4013 850 4070 Guichenone
896 4013 959 4067 in
1008 4011 1366 4069 Bibliotheca
1436 4012 1783 4079 Sebusiana,
1842 4015 1897 4067 et
1962 4012 2039 4067 ab

398 4102 661 4173 Ughello,
692 4105 852 4157 tomo
876 4103 944 4156 1V
965 4100 1140 4156 Italiae
1173 4103 1362 4158 Sacrae
1393 4100 1454 4156 in
1497 4100 1791 4173 episcopis
1824 4103 2039 4172 Epore-

394 4191 702 4246 diensibus
728 4190 1077 4257 referuntur,
1102 4193 1263 4261 patet
1288 4189 1434 4244 nihil
1455 4205 1491 4245 a
1519 4188 1803 4244 Willelmo
1823 4189 2039 4246 abbate

393 4281 684 4337 omissum
722 4279 900 4336 fuisse
948 4285 1012 4335 ut
1065 4279 1529 4335 Fructuariensis
1582 4279 1925 4335 monasterii
1975 4280 2039 4335 li-

391 4370 703 4436 bertatem,
734 4373 857 4425 tum
884 4370 943 4425 in
972 4369 1423 4443 temporalibus,
1481 4374 1608 4425 tum
1637 4369 1698 4424 in
1730 4369 2039 4442 spirituali-

390 4455 524 4523 bus,
559 4456 710 4512 adeo
738 4454 982 4511 ﬁrmiter
1036 4454 1321 4511 stabiliret
1349 4459 1413 4510 ut
1450 4454 1700 4528 posteris
1753 4455 2036 4527 tempori-

389 4544 526 4616 bus,
551 4544 721 4601 facile
749 4560 872 4601 non
902 4544 1346 4601 convelleretur.
1378 4544 1640 4600 Primum
1679 4544 1758 4600 ab
1789 4545 2035 4601 Henrico

388 4634 741 4707 imperatore
764 4635 1103 4691 conﬁrmari
1130 4634 1238 4691 sibi
1272 4634 1501 4690 curavit
1527 4651 1903 4708 quaecunque
1934 4639 2038 4691 aut

390 4741 426 4780 a
451 4724 570 4779 suis
600 4724 953 4797 propinquis
982 4729 1085 4781 aut
1109 4725 1187 4781 ab
1236 4724 1364 4780 aliis
1389 4724 1501 4796 piis
1532 4724 1672 4779 viris
1730 4728 2034 4780 monaste-

386 4814 473 4870 rio
500 4814 714 4870 tradita
738 4813 989 4870 fuerant.
1014 4814 1216 4870 Exstat
1243 4829 1316 4869 ea
1343 4813 1417 4869 de
1447 4828 1508 4868 re
1534 4812 1804 4884 ejusdem
1830 4814 2034 4869 Henri-

386 4903 438 4959 ci
466 4902 754 4976 diploma,
786 4902 997 4958 datum
1024 4917 1184 4958 anno
1219 4905 1374 4968 1014,
1426 4916 1499 4958 ex
1524 4917 1645 4974 quo
1670 4917 1793 4957 non
1838 4902 2035 4958 solum

385 4992 574 5049 multa
602 4991 675 5048 de
705 4991 885 5047 variis
912 4989 1397 5063 possessionibus
1418 5005 1570 5063 quas
1595 4990 1724 5061 jam
1742 4994 1879 5046 tunc
1901 5007 2035 5064 pos-

386 5081 615 5138 sidebat
645 5080 989 5138 ccenobium
1017 5079 1464 5137 Fructuariense
1508 5082 1813 5151 comperta
1862 5077 2033 5150 ﬁunt,

382 5186 591 5226 verum
642 5169 819 5225 etiam
867 5169 1078 5225 exinde
1129 5168 1524 5235 innotescunt,
1574 5171 1700 5222 tum
1742 5166 2036 5223 nobilissi-

385 5274 555 5314 mum
586 5258 851 5313 Willelmi
880 5259 1065 5314 nostri
1091 5274 1302 5329 genus,
1331 5262 1457 5314 tum
1487 5256 1585 5313 alii
1611 5255 1882 5311 nonnulli
1923 5255 2034 5311 viri

384 5346 659 5413 illustres,
713 5345 819 5417 qui
887 5348 1233 5419 postpositis
1279 5346 1491 5403 mundi
1548 5345 1838 5401 illecebris
1892 5348 2032 5401 tunc

382 5434 668 5506 temporis
697 5448 767 5489 eo
794 5432 853 5487 in
896 5433 1028 5490 loco
1055 5436 1453 5493 monasticam
1474 5436 1661 5492 vitam
1684 5434 1986 5491 ducebant
2016 5452 2031 5502 ;

384 5523 529 5595 quin
561 5525 616 5576 et
655 5520 993 5576 Gonthardi
1035 5525 1367 5594 judicatus,
1423 5540 1605 5597 supra
1651 5523 1712 5579 in
1765 5521 2035 5578 Willelmi

384 5612 776 5668 instrumento
830 5606 1128 5681 laudatus,
1170 5612 1247 5667 ab
1301 5613 1544 5669 Henrico
1622 5612 2025 5667 conﬁrmatur.

383 5726 411 5752 ‹‹
454 5704 739 5770 Domnus,
786 5699 996 5772 inquit,
1028 5699 1218 5758 abbas
1264 5701 1583 5759 Willelmus
1611 5706 1880 5759 nostram
1909 5700 2025 5757 cle-

2158 462 2245 513 tra
2271 459 2617 515 auctoritate
2671 462 3063 532 corroborari,
3121 461 3302 517 situm
3346 462 3416 517 in
3446 462 3625 520 loco
3660 465 3778 538 qui
3803 466 3875 519 di-

2158 542 2307 597 citur
2336 544 2699 612 Fructuaria,
2756 562 2827 600 ex
2883 545 3129 618 propria
3170 546 3549 604 haereditate
3618 549 3871 604 fratrum

2158 630 2287 700 ejus
2344 631 2621 703 Gotfredi,
2680 634 2901 689 Nitardi
2944 640 3124 707 atque
3168 634 3435 704 Roberti,
3509 637 3593 692 in
3648 638 3869 694 honore

2161 724 2377 775 sanctae
2405 721 2500 776 Dei
2529 721 2824 791 genitricis
2848 723 3038 779 Mariae
3065 724 3379 796 sanctique
3409 725 3870 798 Benignimar-

2159 808 2303 879 tyris
2362 814 2793 880 constructum,
2852 811 3013 866 velut
3061 811 3124 866 in
3181 812 3395 868 charta
3442 813 3805 884 judicatus
3846 834 3867 869 δ

2159 897 2503 952 Gonthardo
2533 899 2787 955 diacono
2818 900 2976 956 edita
3007 900 3364 957 continetur.
3433 904 3662 975 Cujus
3695 906 3867 977 preci-

2156 985 2272 1040 bus
2313 988 2599 1059 susceptis
2654 989 2818 1060 prius
2862 989 3047 1059 regali
3100 996 3410 1063 praecepto
3455 992 3873 1050 conﬁrmavi-

2155 1090 2310 1141 mus,
2340 1098 2365 1123 ››
2384 1079 2492 1129 etc.
2548 1080 2699 1132 Inter
2727 1077 2875 1133 alios
2911 1078 3257 1133 monasterii
3288 1077 3767 1138 benefactores
3800 1100 3870 1136 re-

2156 1167 2355 1217 censet
2379 1163 2692 1220 Otthonem
2738 1165 3114 1233 Willelmum,
3146 1166 3338 1222 nostri
3362 1168 3707 1226 Willelmi
3740 1187 3870 1227 con-

2156 1250 2572 1320 sanguineum,
2608 1258 2670 1308 ut
2699 1270 2881 1326 supra
2910 1254 3193 1323 diximus,
3246 1256 3429 1326 cujus
3495 1259 3869 1331 complures

2157 1346 2391 1395 exstant
2419 1342 2635 1397 chartae
2668 1342 2726 1398 in
2788 1343 3133 1414 Benigniani
3164 1343 3318 1400 sicut
3341 1349 3402 1400 et
3427 1345 3498 1401 in
3563 1351 3869 1405 Fructua-

2155 1429 2362 1483 riensis
2388 1432 2730 1487 monasterii
2752 1432 3014 1488 favorem
3048 1433 3225 1489 datae.
3254 1456 3281 1481 ‹‹
3304 1434 3562 1492 Habeat
3579 1442 3652 1493 et
3674 1442 3867 1493 tenea'.

2156 1518 2355 1588 quieto
2381 1519 2512 1588 jure
2544 1520 2852 1576 castellum
2884 1521 3437 1592 Langobardorum
3466 1540 3635 1580 cum
3670 1528 3868 1581 omni-

2155 1606 2269 1660 bus
2302 1607 2425 1661 suis
2458 1608 2841 1679 pertinentiis,
2880 1614 2938 1665 et
2967 1610 3173 1665 omnia
3221 1611 3463 1682 praedia
3495 1612 3614 1670 illa
3643 1620 3711 1671 et
3744 1632 3865 1671 cor-

2159 1699 2262 1762 tes,
2286 1711 2437 1767 quas
2468 1695 2631 1751 dedit
2660 1697 2855 1768 Ottho,
2912 1698 3015 1772 qui
3067 1702 3125 1755 et
3177 1698 3560 1773 Willelmus,
3629 1719 3863 1765 comes,

2156 1782 2311 1837 ﬁlius
2344 1784 2666 1856 Adalberti,
2706 1801 2895 1858 nepos
2936 1787 3275 1857 Berengarii
3317 1789 3516 1858 regis,
3549 1790 3708 1865 ipso
3738 1792 3861 1848 loco

2155 1872 2310 1927 infra
2340 1872 2486 1929 fines
2520 1875 2946 1943 Longobardiae
2999 1891 3071 1931 ex
3104 1876 3461 1934 haereditate
3520 1886 3857 1953 parentum

2157 1965 2212 2015 et
2249 1962 2725 2034 propinquorum
2780 1980 3048 2021 suorum.
3097 1965 3434 2022 Statuimus
3491 1970 3701 2027 etiam
3764 1988 3855 2043 per

2155 2050 2311 2104 hanc
2340 2051 2524 2105 nostri
2554 2052 2831 2124 praecepti
2865 2053 3209 2109 ﬁrmitatem
3244 2054 3306 2109 in
3337 2062 3745 2130 perpetuum
3766 2060 3856 2114 ha-

2155 2138 2386 2194 bendas
2417 2156 2627 2195 omnes
2650 2146 2834 2197 terras
2863 2141 3013 2211 illas,
3046 2159 3201 2215 quas
3226 2144 3465 2202 habere
3499 2148 3707 2205 debet
3731 2150 3855 2220 jam

2157 2244 2312 2299 saepe
2357 2229 2732 2285 nominatum
2771 2231 3205 2287 monasterium
3235 2248 3308 2288 ex
3337 2233 3725 2293 haereditate
3758 2241 3857 2293 Ro-

2155 2315 2322 2383 berti,
2355 2318 2664 2389 quondam
2695 2320 2802 2374 viri
2832 2320 3210 2388 nobilissimi,
3267 2322 3377 2393 qui
3438 2323 3563 2381 fuit
3616 2326 3857 2396 genitor

2148 2404 2277 2473 jam
2304 2406 2685 2462 dictiabbatis
2719 2408 3075 2464 Willelmi...
3110 2409 3578 2469 Conﬁrmamus
3599 2431 3856 2471 omnem

2152 2492 2316 2549 illam
2344 2495 2748 2552 haereditatem
2779 2502 2835 2552 et
2861 2498 3299 2570 possessiones,
3318 2516 3567 2572 quaee:
3594 2509 3853 2578 paterno

2154 2586 2211 2637 et
2238 2587 2508 2639 materno
2531 2585 2664 2654 jure
2696 2586 3072 2642 debebantur
3099 2588 3366 2658 Otberto,
3398 2592 3515 2663 qui
3543 2594 3672 2650 fuit
3696 2596 3852 2650 ﬁlius

2154 2673 2412 2743 Gerardi,
2446 2678 2502 2729 et
2531 2690 2716 2747 nepos
2777 2675 2997 2732 Otberti
3033 2677 3292 2745 comitis,
3325 2679 3437 2751 qui
3482 2681 3638 2740 fecit
3664 2685 3852 2741 haere-

2152 2760 2290 2815 dem
2340 2777 2513 2816 suam
2568 2768 2838 2819 sanctam
2886 2764 3199 2821 ecclesiam
3279 2768 3849 2837 Fructuariensem,

2152 2850 2400 2920 quando
2429 2856 2597 2922 pater
2645 2853 2774 2922 ejus
2821 2857 2878 2908 et
2927 2852 3055 2925 ipse
3095 2854 3474 2928 reliquerunt
3500 2862 3849 2925 mundum,

2151 2938 2360 2993 dantes
2394 2955 2456 2993 se
2482 2944 2537 2995 et
2583 2940 2785 2996 omnia
2816 2957 2925 2997 sua
2973 2944 3113 3011 Deo,
3159 2942 3329 2999 factis
3377 2951 3848 3008 monachis...»

2151 3028 2271 3082 Sub
2302 3027 2484 3083 ﬁnem
2500 3034 2809 3086 enumerat
2829 3031 3029 3098 cellas,
3061 3048 3167 3088 seu
3187 3033 3521 3106 prioratus,
3580 3041 3707 3113 qui
3728 3043 3847 3113 jam

2153 3121 2291 3173 tunc
2322 3135 2358 3174 a
2383 3120 2746 3175 monasterio
2776 3120 2875 3176 illo
2899 3122 3248 3194 pendebant
3280 3142 3294 3193 ;
3328 3125 3574 3184 scilicet
3628 3132 3846 3189 cellam

2154 3225 2183 3258 α
2209 3208 2753 3276 Astcnsem,cellam
2774 3210 3192 3282 Navigensem,
3225 3213 3445 3271 cellam
3462 3216 3533 3272 in
3571 3221 3846 3283 Quaran

2154 3299 2232 3366 ta,
2266 3297 2474 3352 cellam
2503 3298 2565 3352 in
2596 3298 2949 3368 Cavalliaca,
2982 3300 3195 3357 cellam
3221 3302 3284 3358 in
3313 3304 3638 3378 Paderno,
3675 3333 3708 3360 η
3742 3317 3841 3366 etc.

2222 3390 2275 3442 4.
2297 3392 2467 3443 Anno
2499 3387 2706 3444 Christi
2740 3393 2895 3458 1023,
2930 3389 3095 3446 aliud
3123 3392 3268 3448 item
3318 3392 3747 3469 privilegium
3777 3401 3844 3456 ab

2152 3476 2365 3531 eodem
2414 3477 2771 3549 imperatore
2827 3477 3083 3536 obtinuit
3136 3479 3486 3553 Willelmus,
3524 3500 3674 3557 quo
3729 3504 3845 3545 mo-

2152 3566 2477 3621 nasterium
2538 3566 3005 3634 Fructuariense,
3061 3590 3088 3617 ‹‹
3122 3574 3303 3642 prout
3330 3586 3395 3626 1n
3427 3571 3668 3633 charta
3696 3578 3846 3649 judi-

2150 3659 2316 3711 catus
2346 3672 2381 3712 a
2409 3656 2756 3711 Gunthardo
2785 3655 3042 3714 diacono
3062 3658 3221 3715 edita
3252 3659 3634 3733 continetur,
3670 3690 3703 3717 ›ι
3741 3666 3843 3723 sub

2151 3744 2391 3817 speciali
2427 3761 2536 3800 sua
2590 3744 2934 3801 defensione
2980 3747 3244 3820 suscipit,
3314 3765 3385 3805 ac
3427 3751 3841 3827 privilegium

2150 3835 2443 3891 Benedicti
2468 3835 2581 3889 VIII
2615 3835 2946 3892 conﬁrmat.
3003 3858 3031 3885 ‹‹
3064 3838 3306 3910 Dehinc,
3339 3839 3566 3912 inquit,
3616 3852 3701 3903 ut
3742 3852 3844 3903 sta-

2146 3923 2323 3979 bilius
2348 3928 2700 3996 permaneat
2725 3924 3021 3997 imperiali
3053 3928 3404 3983 auctoritate
3464 3935 3843 3992 corrobora-

2147 4028 2302 4084 mus,
2331 4012 2443 4067 sub
2467 4018 2670 4069 nostra
2698 4012 3043 4071 defensione
3100 4031 3170 4071 ea
3201 4015 3434 4073 ratione
3464 4021 3843 4094 recipimus.

2146 4105 2210 4156 ut
2238 4100 2438 4156 nullus
2461 4101 2604 4169 dux,
2637 4102 2927 4171 marchio,
2959 4107 3067 4159 etc.
3105 4104 3433 4162 Statuimus
3466 4123 3776 4185 quoque,
3801 4116 3849 4169 et

2144 4189 2246 4245 Dei
2269 4196 2591 4263 nostraque
2650 4192 2995 4248 auctoritate
3051 4194 3516 4269 conﬁrmamus,
3566 4204 3641 4256 ut
3678 4203 3843 4259 idem

2142 4280 2309 4336 locus
2340 4297 2522 4353 supra
2550 4285 2946 4338 memoratam
2969 4281 3305 4340 libertatem
3329 4286 3391 4340 in
3437 4290 3702 4347 cunctis
3746 4293 3845 4349 ob

2145 4371 2345 4439 tineat,
2373 4375 2430 4426 et
2458 4387 2831 4444 quaecunque
2852 4371 2926 4427 de
2942 4373 3072 4443 ejus
3097 4373 3368 4431 libertate
3391 4380 3450 4431 et
3469 4377 3842 4443 stabilitate.

2068 4445 2110 4498 ί)
2142 4459 2216 4514 de
2247 4459 2482 4515 abbatis
2539 4459 2823 4515 electione
2875 4465 2932 4516 et
2982 4464 3433 4519 consecratione
3492 4480 3534 4521 a
3594 4468 3844 4528 domno

2142 4547 2467 4620 apostolico
2507 4548 2818 4605 Benedicto
2846 4550 3172 4623 multisque
3202 4553 3505 4626 episcopis
3555 4556 3625 4612 in
3651 4562 3844 4633 privi-

2141 4636 2309 4707 legiis
2342 4642 2398 4693 et
2455 4638 2853 4710 synodalibus
2907 4639 3159 4697 decretis
3217 4646 3439 4699 statuta
3488 4652 3672 4717 sunt,
3718 4658 3844 4709 rata

2141 4727 2306 4783 omni
2331 4731 2594 4799 tempore
2625 4732 2681 4783 et
2701 4728 3061 4785 inconcussa
3082 4730 3361 4787 ﬁrmitate
3387 4732 3678 4794 subnixa
3703 4758 3845 4798 con-

2143 4820 2464 4870 serventur.
2501 4837 2528 4864 »
2585 4816 2872 4872 Observat
2899 4820 3067 4888 Hugo
3115 4818 3309 4877 abbas
3338 4819 3840 4884 Flaviniacensis

2139 4902 2202 4958 in
2228 4903 2516 4960 Chronico
2548 4902 2894 4960 Virdunensi
2917 4905 3275 4962 Willelmum
3303 4912 3619 4983 nostrum,
3638 4931 3838 4987 quem

2142 5015 2170 5040 «
2211 4997 2500 5049 rectorem
2557 4996 2864 5049 strenuum
2929 4998 2987 5050 et
3036 4994 3320 5066 religione
3388 5005 3839 5069 praestantissi-

2144 5098 2311 5138 mum
2343 5105 2371 5133 »
2415 5081 2696 5154 appellat,
2750 5082 2926 5139 beato
2985 5084 3235 5141 Henrico
3312 5088 3834 5160 acceptissimum

2141 5170 2344 5226 fuisse.
2378 5172 2445 5225 Et
2472 5169 2654 5242 paulo
2678 5170 2921 5227 inferius
2951 5172 3234 5229 eumdem
3258 5173 3641 5235 Willelmum
3682 5207 3715 5233 ‹‹
3751 5203 3836 5241 su-

2141 5274 2251 5331 pra
2277 5257 2548 5327 regulam
2570 5258 2795 5314 dictum
2826 5259 3006 5316 fuisse
3036 5260 3118 5316 ait
3147 5277 3183 5316 a
3204 5261 3400 5332 rigore
3431 5262 3834 5330 ferventioris

2140 5345 2450 5419 propositi.
2484 5368 2511 5394 »

2210 5439 2261 5488 5.
2295 5436 2430 5488 Post
2479 5433 2712 5491 Henrici
2757 5434 3007 5504 Augusti
3052 5434 3285 5491 obitum
3325 5439 3663 5500 Conradus
3702 5450 3830 5521 ejus

2141 5537 2469 5590 successor,
2500 5538 2535 5578 a
2563 5522 2739 5579 beato
2768 5523 3056 5581 Willelmo
3083 5528 3353 5595 rogatus,
3378 5526 3616 5587 iisdem
3675 5553 3828 5609 pene

2136 5612 2330 5668 verbis
2344 5627 2413 5666 ac
2435 5612 2722 5668 Henricus
2753 5613 3097 5670 monasterii
3125 5616 3617 5676 Fructuariensis
3647 5623 3826 5683 liber-

2140 5705 2320 5758 tatem
2333 5715 2442 5757 sua
2455 5700 2673 5772 pariter
2692 5701 3039 5759 auctoritate
3065 5701 3392 5771 roboravit,
3424 5709 3496 5763 ut
3514 5723 3601 5766 ex
3631 5711 3827 5787 ipsius
