3892 6424
13 259 128 314 841

1415 249 1692 307 ΝΟΤῘἸΊΑ
1730 245 2104 302 HISTORICA

3365 247 3469 301 842

17 381 252 435 charta
281 381 462 451 patet,
493 393 626 448 quae
657 376 734 431 ab
770 375 984 430 eodem
1033 374 1411 430 Guichenone
1437 374 1705 441 refertur,
1736 372 1783 424 A
1816 369 2078 439 nequivit
2111 367 2464 437 benignitas,
2505 371 2725 422 nostra
2753 365 3172 422 benevolentiae
3224 369 3469 436 perfice-

15 471 87 526 ιιι
144 485 277 541 qua
305 471 563 522 Joannes
609 466 884 536 ejusdem
927 464 1041 519 loci
1080 464 1270 519 abbas
1318 467 1705 528 memoratur,

16 558 137 630 qui
198 557 261 611 in
321 553 612 612 Chronico
671 553 1056 622 Benigniano,
1117 568 1319 624 supra,
1376 550 1708 623 appellatur

17 646 446 702 Joannetinus
478 649 538 698 et
566 642 891 708 Heinricus,
917 643 1167 714 ejusque
1199 658 1570 697 successores
1599 645 1710 695 Au-

23 734 208 804 gusti
241 756 267 782 «
303 733 363 787 in
390 731 638 786 fratrum
674 730 1040 786 soldalitium
1074 754 1100 779 ››
1151 730 1433 786 dicuntur
1479 727 1706 784 adsciti.

23 847 53 874 ‹‹
97 823 373 891 Dignum
403 820 687 876 duximus
718 819 1166 875 Fructuariense
1193 819 1538 874 ccenobium
1568 817 1713 872 litte-

21 913 276 968 ralibus
327 911 676 983 prraaceptis
734 910 1108 976 conﬁrmare,
1159 913 1440 964 exorante
1484 908 1710 963 domno

25 999 340 1055 Willelmo
375 999 713 1054 Divionensi
761 998 1001 1066 abbate,
1032 997 1155 1070 qui,
1203 997 1554 1069 praedictum
1581 1011 1711 1050 mo-

24 1087 378 1144 nastcrium
405 1103 477 1142 ex
503 1086 766 1159 praediis,
789 1085 1309 1158 eleemosynisque
1340 1084 1710 1158 propinquo-

24 1193 177 1231 rum
215 1192 464 1230 suorum
493 1192 562 1230 ac
590 1179 943 1232 caeterorum
976 1173 1243 1229 fidelium
1276 1174 1485 1230 Christi
1515 1189 1551 1228 a
1576 1173 1711 1228 fun-

27 1265 346 1320 damentis
397 1270 770 1332 construens,
819 1263 1110 1335 plurimos
1155 1263 1489 1318 secundum
1537 1277 1714 1332 regu~

25 1355 164 1410 lam
201 1354 396 1410 sancti
425 1353 719 1408 Benedicti
771 1357 886 1408 Deo
920 1353 1236 1409 servientes
1285 1352 1431 1408 inibi
1463 1367 1711 1420 congre-

29 1443 230 1512 gavit.
262 1446 378 1498 Nos
428 1448 783 1514 nostrosque
812 1442 872 1496 in
903 1446 1262 1514 perpetuum
1313 1456 1711 1508 successores,

29 1535 230 1603 prout
281 1530 431 1586 diva
489 1531 792 1587 memoriae
870 1530 1374 1602 praedecessorem
1443 1534 1712 1584 nostrum

30 1621 393 1676 Heinricum
427 1637 536 1676 suo
567 1637 638 1676 ac
678 1620 930 1675 fratrum
961 1619 1350 1675 contubernio
1383 1619 1712 1685 sociaverit,

1817 464 1986 513 retur
2048 459 2424 512 auctoritate.
2489 456 2657 524 Quod
2707 455 2940 526 quidem
3007 471 3126 511 non
3181 457 3472 511 immerito

1816 552 1984 603 tanto
2006 547 2254 617 facilius
2286 546 2450 602 debet
2503 546 2829 614 impetrare
2858 545 3099 616 quando
3131 547 3243 600 Dei
3267 561 3478 616 cogno-

1815 637 2006 692 scitur
2031 637 2154 692 zelo
2179 637 2240 690 in
2267 637 2506 691 omnino
2522 635 3120 704 postulare.0uidam
3144 635 3301 690 enim
3331 651 3476 690 suus

1818 727 2060 781 carnali
2085 726 2418 794 propagine
2445 739 2787 795 germanus,
2811 724 3050 779 nomine
3081 724 3476 793 Godefredus,

1817 814 1898 870 ad
1926 819 2196 870 sanctam
2223 814 2456 869 veniens
2489 813 2926 868 conversionem
2954 817 3141 868 totum
3171 813 3480 882 quodcun-

1822 918 1936 973 que
1958 902 2165 957 habuit
2191 918 2384 957 secum
2415 903 2534 956 Deo
2565 901 2769 956 devote
2798 901 3073 967 contulit,
3121 915 3188 956 ea
3218 901 3481 956 maxime

1818 993 2146 1048 intentione
2178 997 2242 1046 ut
2271 991 2344 1047 de
2365 993 2612 1061 proprio
2659 1006 2763 1046 suo
2795 995 3243 1046 construeretur
3272 1005 3482 1045 mona-

1818 1082 2085 1149 sterium,
2135 1081 2294 1152 quod
2316 1095 2389 1136 ne
2436 1081 2698 1148 alicujus
2748 1079 3039 1148 episcopio
3085 1080 3179 1134 vel
3219 1079 3482 1135 ctenobio

1815 1169 1981 1238 fieret
2013 1170 2220 1239 aliqua
2251 1169 2614 1236 subjectione
2644 1166 2988 1236 obnoxium,
3011 1167 3224 1222 solerti
3244 1172 3486 1236 pertra-

1821 1263 2047 1314 ctatum
2107 1263 2190 1314 est
2235 1258 2480 1313 consilio
2531 1263 2594 1311 ut
2634 1257 2696 1311 in
2741 1256 2997 1327 quodam
3044 1257 3192 1325 loco,
3227 1257 3488 1327 antiqui-

1823 1353 1914 1402 tus
1945 1349 2318 1403 Fructuaria
2362 1347 2540 1412 dicto,
2589 1346 3010 1415 adi/icaretur,
3043 1346 3202 1416 quod
3233 1347 3485 1416 legalem

1816 1453 1930 1507 per
1981 1437 2325 1492 chartulam
2383 1451 2420 1491 a
2471 1435 2729 1490 Nitardo
2769 1441 2822 1491 et
2855 1436 3138 1491 Rotberto
3182 1438 3484 1506 germanis

1823 1528 2009 1596 ipsius
2038 1526 2342 1596 Gate/redi
2369 1525 2607 1580 cuidam
2643 1525 2955 1580 Guntardo
3002 1525 3196 1580 levita
3222 1525 3484 1580 traditus

1823 1623 1928 1684 est,
1962 1622 2028 1672 ut
2055 1618 2179 1685 ipse
2206 1616 2346 1672 inde
2368 1616 2594 1685 faceret
2606 1614 2920 1682 judicatus
2949 1619 3360 1670 testamentum
3377 1615 3486 1670 sub

35 1710 329 1766 omnium
376 1709 829 1765 benefactorum
873 1725 1121 1764 suorum
1175 1707 1558 1781 participium
1609 1707 1714 1762 ha-
1758 1727 1797 1780 Β
1827 1706 2132 1762 liberrima
2155 1706 2393 1760 omnino
2421 1703 2774 1760 conditione.
2826 1703 2994 1770 Quod
3019 1709 3072 1759 et
3099 1705 3330 1772 factum
3376 1709 3482 1772 est,

31 1795 185 1850 bere
237 1794 509 1866 cupiens,
588 1795 852 1866 primum
901 1793 1174 1863 ejusdem
1241 1791 1475 1847 cenobii
1531 1791 1716 1846 abba-

34 1890 190 1952 tem,
241 1883 485 1939 nomine
513 1886 828 1953 Joannem,
874 1884 1004 1953 ejus
1055 1882 1116 1937 in
1145 1881 1462 1954 praesentia
1507 1897 1715 1935 conse-

35 1972 203 2028 crari
236 1972 392 2040 fecit,
425 1976 481 2027 et
509 1976 633 2028 tam
660 1971 860 2044 ipsum
889 1987 1075 2042 quam
1107 1975 1296 2026 totum
1322 1969 1604 2024 eumdem
1629 1969 1715 2030 lo-_

36 2079 186 2118 cum
237 2079 360 2117 suae
406 2060 699 2134 imperiali
724 2060 918 2116 tutelae
965 2059 1285 2127 commisit,
1333 2075 1405 2114 ea
1454 2059 1716 2114 maxime

43 2168 160 2224 pro
215 2168 404 2207 causa
446 2157 510 2206 ut
553 2150 833 2208 eamdem
859 2150 941 2205 illi
969 2150 1028 2205 in
1073 2149 1356 2205 omnibus
1385 2148 1717 2204 libertatem

40 2245 367 2296 conservet
405 2257 590 2313 quam
622 2239 1006 2297 Cluniacense
1037 2238 1469 2294 monasterium
1494 2238 1718 2294 habere

38 2327 442 2399 dignoscitur.
478 2332 592 2384 Nos
630 2343 772 2397 ergo
803 2328 976 2383 saluti
1007 2332 1223 2382 nostrae
1256 2327 1652 2397 consulentes,
1689 2349 1717 2377 »

42 2425 154 2474 etc.
178 2417 491 2487 Privilegia
516 2434 760 2490 quoque
785 2422 842 2472 et
868 2416 1183 2489 synodalia
1213 2417 1449 2472 decreta
1482 2415 1722 2472 Benedi-

41 2507 115 2561 cti
180 2522 360 2578 papae
410 2510 882 2577 caterorumque
923 2505 1347 2577 episcoporum
1404 2504 1722 2560 conﬁrmat

45 2593 269 2649 iisdem
317 2592 512 2648 verbis
546 2609 614 2649 ac
645 2593 706 2648 in
754 2593 990 2648 Henrici
1033 2592 1360 2665 diplomate
1392 2609 1575 2664 supra
1598 2591 1722 2647 lau-

39 2683 212 2751 dato;
232 2682 399 2756 quod
429 2686 486 2738 et
512 2681 590 2738 ab
620 2681 749 2738 aliis
773 2681 1382 2755 imperatoribus,imo
1403 2685 1459 2737 et
1479 2697 1515 2737 a
1532 2680 1721 2753 ponti-

43 2772 268 2828 ficibus
300 2771 590 2828 Romanis
619 2770 843 2827 factum
865 2771 1045 2826 fuisse
1066 2771 1346 2827 observat
1375 2769 1721 2826 Franciscus

43 2860 419 2930 Augustinus
471 2859 548 2915 ab
595 2859 852 2916 Ecclesia
876 2860 938 2915 in
986 2859 1270 2929 Catalogo
1316 2858 1720 2915 Fructuarien-

47 2949 206 3005 sium
239 2949 533 3005 abbatum
564 2948 831 3004 Historia
861 2947 1298 3018 chronologicae
1327 2947 1718 3004 Pedemonta-

1824 1795 1926 1851 sed
1955 1811 2074 1850 non
2124 1796 2250 1850 sine
2276 1795 2626 1860 multorum,
2654 1793 2913 1848 maxime
2944 1793 3214 1847 Arduini
3240 1793 3395 1863 regis
3426 1799 3481 1848 et

1824 1887 2022 1941 Berta
2053 1886 2262 1940 umoris
2288 1886 2417 1953 ejus
2463 1883 2814 1952 adjutorio;
2855 1898 3108 1952 quorum
3153 1883 3361 1952 sagaci
3391 1883 3484 1937 in-

1825 1975 2058 2030 dustria
2113 1975 2297 2044 legali
2354 1973 2629 2043 legaliter
2685 1973 3042 2040 conﬁrmata
3106 1977 3246 2027 sunt
3305 1977 3480 2028 testa-

1825 2070 2048 2133 menta,
2101 2069 2152 2119 et
2211 2069 2417 2118 sancto
2447 2062 2794 2117 Divionensi
2840 2061 3098 2117 canobio
3131 2078 3250 2116 non
3299 2062 3484 2130 parvi

1823 2155 2030 2224 pretii,
2066 2159 2129 2208 ut
2186 2158 2372 2222 patet,
2423 2153 2650 2207 collata
2680 2157 2817 2206 sunt
2863 2157 3234 2219 ornamenta,
3262 2152 3487 2206 scilicet

1827 2248 2054 2299 textum
2083 2257 2269 2297 unum
2291 2241 2715 2310 auro,gemmis
2743 2245 2795 2295 et
2821 2240 3123 2308 lapidibus
3146 2239 3294 2294 mire
3314 2254 3491 2294 orna-

1827 2336 1975 2396 tum,
2030 2331 2240 2386 casula
2287 2345 2436 2384 auro
2493 2329 2794 2395 decorata,
2825 2328 2961 2384 duce
2990 2329 3155 2383 stola
3182 2327 3489 2384 deaurata

1826 2436 1961 2476 cum
1992 2435 2197 2475 earum
2247 2419 2598 2488 manipulis,
2632 2424 2684 2473 et
2716 2434 2899 2472 unum
2935 2419 3267 2488 cingulum,
3311 2423 3489 2488 atque

1826 2514 2090 2580 quatuor
2140 2508 2347 2562 amicti
2373 2507 2650 2560 similiter
2695 2507 2995 2561 deaurati.
3044 2506 3212 2572 Quod
3269 2511 3321 2560 et
3357 2506 3486 2561 ideo

1823 2598 2031 2667 facere
2056 2597 2417 2651 studuerunt
2449 2601 2515 2648 ut
2542 2600 2595 2649 et
2629 2595 2978 2666 locus,unde
2999 2595 3486 2650 Fructuam'ensis

1830 2687 2100 2743 videlicet
2129 2685 2379 2752 sumpsit
2401 2683 2738 2750 exordium,
2773 2683 2863 2738 his
2893 2683 3311 2738 honestaretur
3339 2698 3488 2738 emo-

1829 2775 2105 2831 lumentis
2135 2779 2190 2830 et
2220 2773 2330 2829 hoc
2350 2787 2633 2827 memores
2659 2773 2720 2826 in
2744 2776 3052 2840 posterum
3074 2787 3195 2826 non
3224 2770 3485 2827 habeant

1825 2863 1984 2919 unde
2011 2861 2365 2918 scandalum
2396 2866 2624 2916 struere
2654 2860 2860 2930 iniqua
2887 2865 3124 2928 possent
3153 2859 3481 2914 voluntate.

1824 2952 1902 3007 Et
1934 2967 2038 3006 nos
2061 2952 2251 3022 igitur
2303 2949 2597 3019 aquitatis
2643 2950 2796 3018 jura
2824 2948 3224 3018 appendentes
3273 2953 3326 3004 et
3359 2949 3486 3004 ani-

45 3054 154 3129 ιιεεεΔ
174 3053 312 3129 cap.
332 3041 422 3107 27,
442 3037 544 3129 ubi
563 3041 862 3129 _Joannem
885 3036 1292 3129 abbatem‘hic
1318 3040 1718 3092 memoratum
1750 3073 1790 3129 ε
1826 3055 2063 3096 marum
2097 3039 2282 3094 lucris
2306 3037 2496 3108 magis
2529 3051 2704 3108 quam
2730 3037 3159 3106 cupiditatibus
3182 3052 3486 3107 perverso-

47 3125 345 3182 Guidonis
377 3125 609 3181 comitis
639 3125 828 3182 sancti
858 3124 1083 3182 Martini
1113 3124 1323 3193 ﬁlium,
1347 3125 1716 3198 Arduinique

48 3216 232 3272 Italiae
261 3215 418 3286 regis
447 3221 727 3289 nepotem
757 3215 942 3272 fuisse
971 3215 1131 3272 dicit.

119 3310 172 3360 6.
209 3309 340 3362 Non
392 3304 608 3361 minori
652 3304 968 3362 devotione
1017 3304 1306 3362 Robertus
1356 3308 1715 3363 Francorum

48 3411 154 3450 rex
211 3410 359 3465 erga
415 3394 844 3451 monasterium
901 3395 1349 3452 Fructuariense
1406 3395 1718 3451 tenebatur

49 3499 242 3556 quam
273 3484 682 3556 imperatores,
713 3483 993 3556 quamvis
1028 3488 1185 3540 esset
1213 3489 1379 3540 extra
1411 3484 1501 3540 sui
1530 3483 1717 3556 ipsius

51 3572 347 3629 ditionem
377 3571 575 3628 situm.
613 3572 776 3629 Unde
801 3589 939 3629 cum
985 3573 1062 3629 ab
1092 3589 1164 3628 eo
1189 3573 1536 3646 requisisset
1568 3571 1721 3628 Guil-

49 3659 272 3718 lelmus
323 3661 624 3718 bonorum
654 3661 883 3734 aliquot
928 3661 1446 3717 conﬁrmationem
1490 3660 1717 3732 quain

51 3749 309 3807 Francia
335 3749 700 3806 monasterio
739 3767 848 3806 suo
893 3765 1178 3806 concessa
1208 3749 1458 3818 fuerant,
1489 3748 1642 3805 ultro
1668 3748 1719 3805 ei

52 3840 364 3912 piissimus
411 3856 513 3896 rex
539 3839 795 3913 praebuit
842 3856 1178 3907 assensum,
1232 3843 1410 3912 atque
1459 3838 1720 3910 generali

53 3933 360 4002 praecepto
391 3929 643 3985 asseruit
685 3929 1118 3985 Fructuariensi
1157 3929 1520 3985 monasterio
1554 3946 1719 4002 quae-

55 4035 298 4092 cunque
330 4019 422 4074 vel
453 4019 581 4090 jam
612 4019 755 4075 data
800 4017 913 4090 ipsi
938 4023 1153 4085 essent,
1201 4023 1304 4074 aut
1333 4035 1467 4092 qua:
1511 4023 1722 4091 postea

55 4106 205 4164 forte
239 4107 634 4175 traderentur,
670 4107 823 4163 intra
848 4107 1015 4176 regni
1036 4107 1125 4163 sui
1157 4108 1306 4164 ﬁnes
1338 4108 1512 4180 (Vide
1534 4124 1721 4178 supra

55 4195 117 4250 in
145 4199 408 4251 Rossnro
438 4211 574 4266 rege
601 4197 760 4252 inter
795 4202 1104 4266 pracepta
1132 4200 1258 4266 ejus
1299 4199 1720 4254 ecclesiastica.

127 4291 180 4339 '7.
240 4284 604 4340 Proferenda
654 4302 815 4342 nunc
848 4285 1142 4342 Lamberti
1191 4286 1578 4356 Lingonensis
1604 4287 1726 4359 epi-

57 4373 225 4446 scopi
259 4373 485 4443 charta,
518 4374 623 4446 qui
653 4374 1116 4430 Fructuariensis
1155 4374 1501 4431 monasterii
1532 4375 1728 4446 subje-

57 4462 276 4517 ctionis
305 4477 342 4518 a
391 4461 729 4519 Divionensi
776 4462 1239 4533 immunitatem,
1285 4480 1473 4536 quam
1518 4480 1554 4520 a
1586 4466 1724 4519 Bru-

57 4567 218 4606 none
251 4549 602 4607 Guillelmus
644 4552 1083 4626 impetraverat,
1115 4552 1508 4608 conﬁrmavit.
1546 4553 1727 4623 Cujus

58 4642 266 4694 tamen
287 4636 520 4692 nullum
549 4639 887 4697 habebatur
911 4641 1220 4713 publicum
1238 4641 1724 4711 instrumentum,

59 4727 229 4799 quod
259 4729 453 4781 Bruno
483 4733 674 4783 morte
692 4735 1031 4800 praeventus
1052 4747 1178 4786 rem
1205 4745 1328 4786 non
1354 4729 1724 4786 absolvisset.

64 4815 202 4871 Haec
236 4819 440 4872 autem
464 4815 670 4872 charta
719 4821 806 4873 est
831 4818 1013 4875 veluti
1057 4823 1404 4875 caeterarum
1455 4819 1729 4874 omnium

61 4919 197 4974 qua
224 4906 349 4976 (sic)
399 4904 726 4961 asserenda
769 4908 1113 4962 monasterii
1159 4906 1432 4978 ejusdem
1461 4906 1728 4963 libertate

63 5007 249 5064 supra
274 4993 632 5066 protulimus
677 4995 1127 5067 compendium.
1172 4995 1433 5051 Habetur
1459 4995 1727 5051 centuria

65 5095 124 5147 ιι,
158 5098 330 5138 num.
365 5088 534 5151 79,ex
555 5083 820 5140 archivio
846 5085 1009 5155 regio
1034 5084 1380 5142 Taurinensi
1402 5085 1725 5157 descripta.

133 5171 266 5240 Ego
282 5173 634 5229 Lambertus
655 5183 881 5232 sancta
901 5176 1294 5246 Lingonensis
1316 5175 1598 5231 Ecclesia
1614 5176 1732 5244 epi-

68 5273 302 5328 scopus,
323 5269 528 5318 notum
546 5264 685 5332 ﬁeri
713 5266 950 5322 decrevi
979 5271 1100 5322 tam
1127 5265 1520 5336 praesentibus
1549 5279 1728 5335 quam

73 5345 494 5420 fuluris,quod
518 5353 763 5421 quidam
793 5355 1046 5411 dilectus
1077 5370 1152 5412 ea
1175 5355 1428 5422 dilectis,
1448 5355 1630 5411 abbas
1649 5355 1730 5411 vi-

69 5433 282 5492 delicet
328 5438 686 5511 Willelmus,
714 5444 864 5499 adiit
889 5446 1317 5514 paternitatem
1340 5450 1610 5501 nostram
1630 5447 1731 5514 ju-

69 5524 173 5578 stis
196 5527 499 5597 precibus,
531 5536 596 5586 ut
645 5535 932 5602 synodali
959 5535 1192 5592 decreto
1223 5535 1523 5610 quoddam
1555 5539 1733 5591 testa-

75 5620 356 5686 mentum,
410 5621 570 5688 quod
614 5622 695 5676 ad
726 5629 924 5679 votum
946 5630 1261 5693 praventu
1305 5627 1512 5680 mortis
1555 5625 1734 5681 beata

72 5707 371 5763 memoria
383 5709 834 5777 pradecessonls
865 5717 1061 5770 nostri
1083 5716 1384 5771 Brunonis
1405 5715 1736 5784 adimplere

272 5821 280 5826 -
465 5799 714 5856 PATROL.
756 5801 928 5858 CXLI.

1825 3146 1962 3186 rum
1992 3128 2382 3194 consulentes,
2401 3125 2502 3182 sed
2522 3131 2577 3182 et
2607 3126 2803 3182 sancti
2820 3125 3274 3196 pradecessoris
3293 3128 3490 3182 nostri

1823 3221 2120 3291 promissa
2149 3218 2528 3288 complentes,
2576 3231 2613 3272 a
2635 3216 2968 3287 privilegiis
3000 3231 3232 3287 quoque
3257 3221 3488 3285 aposto—

1827 3311 1958 3366 licis
1989 3316 2168 3381 atque
2195 3308 2443 3365 decretis
2471 3306 2972 3376 episcopalibus,a
2989 3305 3307 3375 praceptis
3325 3305 3487 3361 deni-

1827 3415 1940 3472 que
1969 3399 2379 3469 imperialibus
2419 3412 2490 3452 ac
2541 3396 2844 3466 regalibus
2887 3412 3006 3452 non
3053 3395 3481 3464 discrepantes,

1823 3488 2292 3544 Fructuariense
2321 3485 2642 3542 canobium
2668 3501 2800 3540 cum
2828 3483 3097 3540 omnibus
3123 3499 3272 3555 quas
3297 3485 3484 3553 possi-

1825 3577 1964 3633 dere
1994 3577 2230 3632 videtur
2275 3575 2470 3643 rebus,
2504 3579 2624 3629 tam
2668 3573 2982 3630 mobilibus
3016 3589 3194 3645 quam
3223 3573 3489 3629 immobi-

1827 3665 2003 3733 libus,
2037 3665 2097 3719 in
2128 3664 2302 3719 nulla
2331 3662 2712 3732 subjectione,
2747 3663 2807 3718 in
2839 3662 3010 3717 nullo
3032 3665 3178 3732 jure
3209 3663 3486 3732 cuiquam

1827 3755 2020 3810 nostri
2047 3753 2330 3822 episcopii
2353 3752 2733 3821 pertinentia
2759 3751 3079 3807 obnoxium
3101 3753 3488 3821 proclaman-

1829 3845 2203 3916 tes,quinimo
2220 3841 2328 3897 sub
2343 3841 2590 3911 proprio
2611 3846 2948 3912 pastore,ut
2970 3857 3085 3911 per
3110 3842 3310 3898 omnia
3325 3840 3490 3898 abso-

1831 3935 1962 3989 luta
1994 3932 2269 3988 libertate
2286 3947 2323 3988 a
2351 3934 2620 3988 Romana
2646 3931 2780 3988 sede
2803 3931 2911 3986 tibi
2925 3946 3198 3987 concessa
3212 3931 3492 4000 potiatur

1827 4028 1883 4079 et
1909 4038 1947 4079 a
1965 4021 2200 4078 sublato
2231 4020 2577 4091 hujusmodi
2591 4021 2974 4090 subjectionis
2996 4020 3238 4076 vinculo
3265 4023 3491 4075 constet

1828 4112 2391 4179 alienum,volumus
2421 4117 2475 4167 et
2507 4126 2610 4166 nos
2642 4115 2698 4167 et
2724 4109 3178 4179 statuimus,sub
3208 4108 3496 4178 synodali

1829 4203 2158 4271 decreto,ut
2188 4202 2398 4256 nullus
2429 4200 2888 4267 monachus,a-ut
2917 4199 3262 4269 praescripti
3290 4197 3494 4252 videli-

1831 4296 1922 4348 cet
1951 4291 2159 4347 domni
2195 4289 2285 4345 W.
2315 4289 2547 4345 abbatis
2574 4303 2892 4356 successor,
2921 4293 3131 4343 contra
3159 4285 3490 4354 prafatum

1833 4381 2027 4437 locum
2076 4378 2312 4449 aliquid
2356 4377 2613 4448 querela
2643 4378 2736 4432 vel
2765 4377 3085 4432 calumnia
3113 4373 3363 4442 inferat,
3399 4373 3494 4428 vel

1831 4469 2159 4540 quidquam
2178 4466 2566 4535 proprietatis
2585 4480 2687 4520 seu
2708 4464 3088 4533 subjectionis
3119 4461 3494 4531 requirat.Ut

1832 4559 1908 4612 sit
1942 4557 2128 4626 igitur
2155 4557 2277 4623 ipse
2297 4553 2854 4623 locus,Fructuaria
2878 4553 3094 4618 dictus,
3124 4556 3332 4605 nostra
3355 4565 3496 4620 quo-

1833 4660 1946 4718 que
1958 4643 2319 4702 auctoritate
2335 4642 2687 4697 inconvulsa
2703 4640 3091 4709 stipulatione
3106 4639 3321 4694 liberet
3334 4638 3496 4694 abso-

1840 4736 2082 4800 lutus,et
2113 4733 2188 4788 ab
2209 4732 2371 4787 omni
2390 4730 2636 4801 querela
2651 4729 3011 4790 immunis,et
3028 4729 3090 4783 in
3117 4728 3496 4797 fructiﬁcan-

1836 4823 1928 4879 dis
1958 4821 2272 4877 animabus
2295 4833 2526 4888 semper
2557 4817 2796 4874 Christo
2817 4816 2968 4873 duce
2985 4817 3173 4872 sacris
3204 4820 3380 4883 aptus
3410 4817 3498 4870 in-

1836 4913 2171 4980 crementis,
2205 4909 2445 4966 testibus
2473 4924 2547 4965 ea:
2569 4913 2772 4964 nostro
2798 4907 2957 4962 clero
2989 4905 3261 4962 admissis
3292 4910 3500 4960 nostra

1835 5001 2271 5070 subscriptione
2305 5000 2631 5070 signamus.
2680 4995 2929 5064 Signum
2971 4993 3264 5050 Lamberti
3294 4993 3501 5063 Lingo-

1835 5089 2042 5146 nensis
2067 5087 2226 5144 sedis
2246 5086 2790 5160 episcopi.Signum
2811 5082 3045 5139 Beraldi
3071 5082 3498 5139 archidiaconi.

1843 5178 2098 5248 Signum
2129 5176 2360 5233 Beraldi
2389 5174 2626 5232 abbatis
2660 5172 2848 5229 sancti
2884 5171 3166 5245 Stephani
3196 5170 3507 5228 Divionen-

1841 5267 1922 5322 sis
1955 5269 2065 5322 etc.
2096 5265 2312 5322 Actum
2344 5264 2511 5334 apud
2536 5263 2844 5318 Divionem
2867 5260 3110 5330 publice
3141 5276 3199 5315 ιιι
3225 5260 3371 5315 Idus
3401 5262 3505 5316 Ja—

1837 5357 2046 5412 nuarii
2060 5371 2219 5412 anno
2239 5355 2314 5411 ab
2330 5353 2750 5410 incarnatione
2761 5351 3002 5406 Domini
3019 5350 3152 5405 1017
3158 5350 3508 5422 ,indictione

1838 5463 1918 5502 xv
1947 5449 2236 5517 regnante
2265 5443 2518 5499 Roberto
2564 5443 2944 5498 Francorum
2975 5455 3130 5510 rege.
3178 5440 3307 5510 Ego
3341 5439 3505 5495 Oddo

1843 5534 2247 5593 cancellarius
2274 5533 2337 5587 in
2367 5532 2594 5602 synodo
2622 5536 2847 5586 sancta
2874 5529 3265 5599 Lingonensis
3295 5529 3506 5584 Eccle-

1842 5626 1948 5681 sia
1977 5625 2085 5679 hoc
2108 5627 2520 5678 testamentum
2547 5621 2966 5690 perfectum,et
2992 5619 3066 5675 ab
3093 5619 3256 5674 omni
3283 5616 3508 5686 synodo

1847 5713 2162 5772 laudatum
2193 5717 2248 5768 et
2284 5712 2701 5782 conﬁrmatum
2733 5710 3052 5780 recognovi
3074 5714 3129 5764 et
3165 5702 3506 5772 subscripsi.

3161 5801 3229 5849 27
