3892 6378
366 288 369 291 .
408 247 510 301 843

1381 242 1434 295 S.
1470 233 1898 295 GUILLELMUS
1928 231 2149 288 ABBAS
2183 232 2237 287 S.
2275 234 2547 291 BENIGNI
2579 240 2837 295 DlVlON.
3789 242 3869 294 8+4

478 372 531 424 8.
560 363 1024 422 Fructuariensis
1048 362 1390 418 monasterii
1419 360 1752 416 celebritate
1780 356 1947 413 multi
1969 355 2049 411 al—
2084 359 2130 408 A
2160 358 2429 414 manibus
2458 360 2709 416 dominae
2737 376 2860 417 suae
2888 367 3049 426 sunt,
3084 362 3469 417 conscientia
3508 377 3669 418 mea
3704 368 3870 417 terre

407 456 563 525 lecti,
593 471 717 511 non
747 453 941 510 solum
972 468 1083 508 sua
1108 451 1181 523 ei,
1215 451 1320 507 sed
1350 456 1404 507 et
1432 466 1491 506 se
1518 450 1679 523 ipsos
1717 447 2010 504 tradidere
2036 463 2049 511 ;

409 562 484 602 ex
510 544 582 600 iis
611 542 855 601 celebris
882 541 989 597 fuit
1016 540 1336 607 Arduinus,
1362 538 1534 595 Italiae
1566 555 1688 605 rex,
1719 536 1843 610 qui,
1873 535 2053 591 rebus

408 632 565 690 male
593 631 880 688 adversus
918 628 1235 685 Henricum
1259 628 1676 701 imperatorem
1705 624 1904 695 gestis,
1947 639 2053 677 sae-

409 722 543 779 culo
571 719 910 777 valedicens
937 718 1000 773 in
1028 717 1458 775 monasterium
1497 716 1847 789 praedictum
1875 730 1935 768 se
1963 728 2052 767 re-

407 808 578 883 cepit,
609 805 715 863 ubi
759 804 1074 861 defunctus
1104 809 1163 862 et
1207 804 1471 878 sepultus
1502 820 1535 859 a
1562 801 1865 858 nonnullis
1898 799 2053 855 Beati

406 896 648 954 nomine
678 895 939 951 donatus
968 898 1073 954 est.
1103 897 1221 950 Hoc
1250 892 1418 949 titulo
1445 891 1759 961 insignitur
1786 890 1846 945 in
1880 892 2055 944 Bene—

407 986 630 1042 dictino
651 984 978 1056 Menologio
1016 983 1296 1051 Bucelini,
1329 982 1429 1038 ubi
1461 982 1555 1037 die
1596 986 1627 1037 2
1649 979 1860 1046 Martii,
1894 995 2052 1035 anno

413 1075 550 1130 1018
577 1073 793 1130 obiisse
823 1072 1343 1129 memoraturﬂaec
1366 1069 1691 1126 sanctitatis
1710 1068 1911 1141 opinio
1933 1084 2054 1140 qua

410 1162 751 1220 Fructuaria
779 1166 919 1217 tunc
946 1161 1227 1234 temporis
1259 1158 1814 1226 commendabatur,
1838 1156 1915 1212 ad
1944 1172 2052 1229 po-

409 1258 597 1309 steros
628 1252 808 1308 etiam
855 1250 1204 1307 transmissa
1258 1249 1384 1319 fuit,
1432 1252 1496 1304 ut
1529 1264 1601 1303 ex
1627 1247 1802 1303 variis
1834 1246 2050 1302 chartis

407 1342 578 1399 facile
606 1339 800 1410 colligi
825 1343 1035 1413 potest,
1063 1356 1199 1412 quas
1226 1356 1262 1395 a
1291 1338 1668 1395 Guichenone
1698 1335 2048 1391 referuntur.

408 1434 628 1487 Locum
656 1428 817 1484 hunc
845 1444 955 1501 pro
996 1427 1220 1484 czeteris
1251 1427 1429 1482 coluit
1460 1428 1657 1495 Agnes
1687 1423 2046 1497 imperatrix.

2161 460 2252 499 me
2267 449 2435 515 pejus
2466 451 2628 504 omni
2657 450 2829 505 larva
2859 451 3136 520 omnique
3171 452 3475 520 imagine.
3520 451 3688 506 Ideo
3714 454 3869 520 fuga

2155 548 2267 601 per
2301 542 2643 593 sanctorum
2680 540 2810 594 loca
2840 553 3110 609 quaerens
3141 538 3486 594 latibulum
3535 554 3581 594 a
3614 542 3867 609 faciem-

2160 625 2340 679 moris
2371 625 2569 696 hujus,
2594 642 2700 682 nec
2725 627 3036 682 minimum
3063 626 3439 682 desiderium
3476 633 3582 683 est
3613 629 3869 683 mihire

2160 712 2367 766 niendi
2393 714 2473 768 ad
2501 715 2696 782 vos,de
2716 715 2928 785 quibus
2954 715 3216 783 comperi
3242 716 3392 785 quia
3432 721 3669 771 vestra
3702 723 3859 771 inter

2161 801 2338 855 cessio
2364 807 2527 857 certa
2566 804 2729 858 salus
2760 808 2843 858 est
2862 818 2885 858 .·
2916 803 3018 857 sed
3065 808 3284 857 nostra:
3331 804 3798 872 profectiones
3822 807 3851 855 ἡ

2160 902 2343 943 manu
2373 890 2485 945 Dei
2510 897 2669 959 sunt,
2702 898 2758 947 et
2793 907 2912 945 non
2945 892 3007 945 in
3036 896 3247 947 nostra
3308 892 3689 949 voluntate.
3732 895 3862 947 Im:—

2160 976 2272 1031 m‘m
2303 992 2438 1033 vero
2464 983 2656 1034 mente
2685 979 2871 1035 adoro
2899 979 2981 1033 ad
3006 979 3184 1047 pedes
3228 986 3495 1047 vestros,
3536 996 3793 1052 nogans
3820 992 3862 1035 ιε’

2164 1063 2535 1134 Gregoriana
2560 1067 2781 1135 pietate
2818 1068 2879 1121 in
2928 1068 3259 1136 Trajanum
3286 1070 3537 1136 petatis
3588 1070 3765 1125 mihi
3790 1086 3866 1123 re

2160 1154 2321 1207 niam
2352 1168 2389 1209 a
2420 1156 2666 1210 Domino
2689 1170 2711 1219 ,'
2750 1157 2892 1225 quia
2923 1171 3183 1226 namque
3226 1156 3339 1212 ille
3369 1173 3552 1213 unus
3579 1160 3780 1214 homo
3808 1168 3866 1213 at:

2159 1241 2390 1309 inferni
2403 1243 2685 1298 claustris
2705 1245 2973 1299 exoravit
2984 1247 3533 1313 paganum,multi
3552 1262 3670 1302 vos
3687 1249 3851 1317 facit

2158 1330 2470 1386 salvabitis
2494 1333 2885 1388 christianum
2918 1348 3121 1388 unam.
3143 1333 3317 1399 Quod
3345 1335 3403 1389 si
3432 1335 3862 1393 decrevem'lzs.

2154 1424 2291 1487 peto
2321 1425 2391 1474 ut
2416 1422 2475 1475 in
2497 1422 2729 1490 signum
2755 1423 2994 1491 pietatis
3026 1423 3369 1479 societatem
3390 1430 3455 1480 et
3486 1427 3864 1493 fraternita-

405 1518 655 1577 Heinrici
699 1517 945 1590 Augusti
994 1521 1205 1586 mater,
1265 1516 1458 1586 cujus,
1502 1518 1558 1570 et
1598 1513 1757 1569 beati
1786 1512 2051 1567 Annonis
2159 1512 2271 1563 tem
2299 1515 2550 1564 vestram
2602 1511 2914 1579 mandetis,
2943 1517 2999 1567 et
3028 1512 3285 1567 mittatis
3326 1513 3499 1568 mihi
3520 1530 3727 1584 quam
3748 1521 3863 1585 pri

406 1606 767 1667 Coloniensis
796 1604 1227 1678 archiepiscopi
1273 1604 1604 1660 interventu
1650 1600 1982 1658 Alexander
2005 1604 2048 1655 ΙΙ
2156 1612 2337 1652 mum.
2366 1599 2526 1667 Rogo
2556 1600 2733 1655 etiam
2758 1606 2821 1653 ut
2838 1615 3101 1668 parvum
3124 1601 3287 1671 quod
3310 1602 3501 1657 mitto
3528 1620 3864 1659 macriuscu-

406 1712 679 1752 summus
731 1694 993 1767 pontifex
1041 1692 1350 1766 privilegia
1386 1690 1656 1769 ejusdem
1706 1687 2052 1745 monasterii
2090 1704 2129 1757 Β
2162 1686 2283 1741 lum
2334 1687 2757 1743 admonitiom’s
2807 1690 3045 1759 signum
3107 1691 3419 1759 suscipere
3487 1692 3860 1763 dignemini.

405 1804 514 1844 suo
552 1785 878 1859 diplomate
930 1782 1305 1840 conﬁrmavit
1331 1798 1491 1837 anno
1521 1786 1675 1837 £070.
1725 1783 1887 1837 Certe
1918 1795 2057 1835 cum
2163 1781 2454 1844 quatenus
2489 1778 2726 1833 credam
2772 1779 2915 1848 quia
2955 1779 3031 1834 de
3055 1793 3150 1834 me
3179 1794 3407 1836 curare
3448 1781 3855 1852 incwpen'tis.

403 1877 615 1933 beatus
645 1879 836 1941 Anno,
868 1876 934 1929 ut
959 1872 1135 1928 refert
1162 1872 1508 1928 Lambertus
1542 1868 2056 1937 Schafnaburgen-

405 1966 716 2037 sis,auctor
745 1962 991 2039 aequalis
1020 1962 1083 2018 in
1112 1961 1278 2018 Italia
1307 1977 1492 2031 agens
1510 1960 1588 2015 ad
1608 1958 2057 2014 Fructuariense

405 2052 835 2111 monasterium
863 2050 1147 2107 orationis
1175 2066 1357 2106 causa
1386 2048 1733 2117 divertisset,
1769 2070 1794 2095 ‹‹
1830 2046 1910 2101 ibi
1950 2045 2056 2102 ad-

406 2142 656 2198 miratus
706 2138 1144 2196 monachorum
1188 2137 1582 2193 arctissimam
1623 2140 1679 2191 et
1725 2134 2056 2190 secundum

407 2228 629 2300 regulae
653 2226 917 2283 instituta
946 2224 1480 2289 conversationem,
1500 2223 1820 2279 nonnullos
1850 2238 2056 2278 eorum

406 2319 471 2374 in
497 2332 676 2389 opere
693 2315 792 2371 Dei
816 2313 1271 2388 probatissimos
1293 2329 1494 2368 secum
1515 2311 1749 2367 rediens
1769 2311 2016 2366 abduxit
2028 2332 2055 2360 »

408 2422 561 2481 quos
589 2406 651 2461 in
677 2402 1040 2461 monasterio
1072 2402 1481 2473 Sigebergensi
1511 2418 1544 2457 a
1577 2417 1636 2456 se
1662 2401 1792 2473 ipso
1819 2400 2056 2456 condito

407 2493 724 2553 constituit.
759 2495 923 2565 Qum,
947 2492 1139 2566 inquit
1162 2491 1322 2547 idem
1348 2494 1575 2560 auctor,
1602 2489 1835 2545 occasio
1867 2489 2057 2544 fuitut

405 2586 467 2643 in
492 2583 716 2642 caeteris
745 2599 987 2658 quoque
1017 2581 1391 2639 monasteriis
1422 2579 1709 2651 regularis
1735 2581 2055 2635 observan-

404 2675 486 2733 tia
512 2676 906 2747 repararetur.

474 2768 527 2821 9.
563 2763 677 2821 Sed
724 2767 780 2819 et
806 2762 939 2843 ipsa
991 2765 1188 2832 Agnes
1219 2762 1509 2831 Augusta,
1570 2758 1772 2814 szeculi
1801 2758 2056 2814 vanitate

405 2856 721 2928 abnegata,
748 2853 914 2927 prius
939 2868 1126 2933 quam
1156 2852 1362 2907 Romae
1390 2850 1595 2905 sedem
1620 2848 1862 2916 fixisset,
1893 2849 2059 2922 apud

407 2942 813 3001 Fructuariam
863 2940 1229 3007 morabatur.
1277 2942 1577 3006 Quantum
1617 2955 1760 2994 vero
1788 2939 2057 3009 ejusdem

2174 1864 2390 1930 Valete,
2425 1870 2484 1921 et
2536 1871 2620 1932 tu,
2652 1866 2838 1921 Pater
2895 1871 3060 1935 bone,
3092 1867 3432 1937 diligenter
3494 1872 3855 1927 commenda

2164 1967 2252 2007 me
2280 1953 2746 2021 spiritaliam'bus
2772 1954 3075 2023 fratribus
3102 1954 3178 2011 de
3200 1955 3499 2012 coenobiis
3523 1964 3729 2030 atque
3760 1962 3855 2015 ce!-

2167 2042 2257 2108 lis,
2290 2048 2353 2096 ut
2384 2043 2616 2111 faciant
2637 2057 2730 2098 mc
2754 2043 3109 2112 participem
3140 2044 3201 2098 in
3249 2046 3663 2103 orationibus
3694 2055 3752 2105 et
3773 2052 3853 2117 je-

2153 2131 2349 2200 juniis
2375 2137 2553 2201 atque
2580 2131 2850 2187 omnibus
2881 2131 3206 2202 benefactis
3225 2134 3371 2188 suis.

2240 2227 2550 2283 10.Eadem
2576 2232 2840 2297 Augusta
2855 2228 3280 2285 interveniente
3311 2230 3654 2289 Heinricus
3678 2234 3857 2306 impe-

2162 2320 2344 2386 rator,
2378 2317 2533 2372 ﬁlius
2574 2318 2703 2390 ejus
2732 2317 3094 2374 monasterio
3143 2320 3613 2378 Fructuariensi
3647 2324 3853 2379 Rivum

2163 2409 2351 2461 totum
2378 2422 2515 2461 cum
2559 2406 2841 2461 omnibus
2871 2407 3240 2481 appendiciis
3271 2408 3399 2463 suis
3456 2410 3524 2465 in
3560 2414 3852 2468 comitatu

2163 2495 2424 2573 Aquensi
2452 2494 2634 2566 dedit,
2671 2499 2736 2553 ut
2784 2511 2855 2551 ex
2884 2496 3015 2569 ejus
3041 2498 3253 2559 charta
3301 2503 3551 2555 certum
3587 2506 3689 2557 est
3726 2520 3849 2575 quae

2163 2584 2429 2639 centuria
2474 2601 2554 2651 xi,
2613 2599 2780 2640 num.
2836 2588 2922 2651 76,
2964 2584 3232 2648 refertur.
3289 2587 3469 2643 initio
3517 2591 3743 2647 seaculi
3772 2608 3848 2647 se-

2163 2672 2396 2744 quentis
2425 2673 2764 2745 patriarcha
2788 2672 3327 2751 Jerosolymitanus
3372 2690 3523 2730 cum
3562 2680 3849 2737 Fnrctua-

2163 2759 2340 2815 riensi
2365 2759 2709 2815 monasterii
2753 2759 3035 2823 fratribus
3068 2760 3418 2819 societatem
3466 2763 3639 2832 iniit,
3688 2768 3849 2839 cujus

2164 2864 2234 2904 ea
2261 2849 2334 2904 de
2363 2864 2425 2905 re
2469 2848 2716 2925 epistola
2745 2848 3001 2904 habetur
3041 2848 3292 2921 ibidem,
3329 2867 3510 2907 num.
3547 2859 3654 2912 73.
3685 2859 3849 2912 Totus

2164 2942 2251 2993 est
2277 2937 2337 2993 in
2386 2937 2846 2994 Fructuariensis
2897 2938 3243 3000 monasterii
3280 2939 3592 2999 laudibus
3635 2945 3846 3001 descri-

408 3031 526 3089 ioci
552 3030 883 3093 monachos
911 3032 1389 3094 veneraretur,ex
1421 3027 1550 3097 ejus
1580 3026 1848 3101 epistola,
1871 3043 2056 3107 quam
2095 3050 2134 3104 ρ
2162 3026 2375 3083 bendis
2422 3029 2621 3083 Petrus
2670 3026 2941 3083 Damiani
2986 3028 3281 3105 opusculo
3336 3033 3424 3099 i8,
3482 3048 3638 3106 cap.
3689 3040 3749 3106 3,
3786 3036 3843 3091 ad

409 3119 594 3201 paulo
624 3122 760 3174 ante
786 3132 971 3199 quam
997 3116 1160 3197 apud
1189 3131 1291 3171 eos
1321 3114 1621 3171 secederet
1642 3114 1890 3187 scripsit,
1923 3131 2059 3170 con-

407 3208 513 3282 jici
540 3205 850 3285 potest,sic
880 3210 1079 3267 autem
1110 3221 1171 3260 se
1199 3204 1382 3259 habet
1406 3203 1569 3277 apud
1594 3202 2054 3272 Guichenonem,

413 3296 689 3357 Centuria
717 3312 783 3371 Ii,
806 3311 974 3351 num.
1025 3295 1114 3364 77,
1143 3309 1216 3350 ex
1245 3292 1547 3349 Chartario
1592 3292 2056 3348 Fructuariensis

411 3385 710 3460 descripta
738 3402 750 3439 :

480 3478 555 3534 Α.
607 3475 966 3557 imperatrix
995 3480 1049 3533 et
1071 3473 1387 3553 peccatrix
1414 3472 1487 3527 Α.
1545 3471 1843 3545 [Andr-ea]
1881 3473 2061 3529 Patri

411 3568 561 3625 bono
585 3571 641 3622 et
665 3564 963 3636 fratribus
985 3564 1048 3619 in
1063 3562 1433 3620 Fructuaria
1457 3562 1918 3637 congregatisn'n
1952 3578 2054 3619 no-

282 3728 295 3739 .
407 3657 569 3713 mine
594 3654 851 3712 Domini.
900 3653 1259 3713 Servitutem
1284 3651 1542 3717 ancillae,
1588 3652 1760 3725 cujus
1805 3649 1966 3706 oculi
1992 3652 2054 3706 in

2168 3116 2511 3171 Adelaidem
2555 3116 2938 3183 comitissam,
2986 3115 3089 3178 ubi
3122 3133 3186 3172 se
3217 3116 3315 3186 ibi
3358 3118 3593 3177 decem
3644 3124 3841 3181 diebus

2166 3203 2424 3279 hospitio
2478 3207 2821 3276 susceptum
2879 3204 3058 3260 fuisse
3125 3205 3403 3284 perhibet
3494 3211 3841 3267 Perseverat

2167 3293 2346 3348 etiam
2393 3308 2553 3347 nunc
2583 3291 2811 3347 celebre
2857 3292 3014 3348 istud
3045 3294 3396 3350 ccenobium
3443 3298 3769 3370 spirituali

2165 3382 2292 3438 mui
2336 3385 2392 3437 et
2437 3380 2749 3461 temporali
2786 3380 3198 3452 jurisdictione
3252 3383 3673 3464 amplissima
3722 3405 3842 3462 gau-

2166 3471 2333 3539 dens,
2367 3470 2427 3525 in
2458 3486 2580 3544 quo
2609 3469 2922 3526 Mauricius
2974 3470 3292 3533 Sabaudiae
3318 3472 3505 3529 ducis
3532 3476 3736 3549 filius,
3761 3476 3841 3552 qui

2165 3560 2357 3616 eidem
2381 3558 2513 3615 loco
2543 3557 2709 3619 initio
2753 3558 2951 3615 saeculi
2994 3559 3285 3621 currentis
3329 3572 3640 3640 praeerat,
3695 3567 3843 3625 colle

2166 3650 2327 3723 ginm
2359 3648 2786 3706 canenicorum
2818 3648 3195 3705 saecularium
3219 3649 3506 3710 instituit.

1212 3958 1352 4044 DE
1464 3956 2173 4045 MONASTERIO
2260 3956 3011 4047 FISCAMNENSI.

491 4348 539 4399 t.
566 4340 685 4399 Etsi
707 4336 941 4397 abbatis
981 4335 1224 4394 nomine
1263 4334 1666 4410 quadraginta
1701 4334 1821 4392 fere
1848 4351 2056 4393 mona-
2091 4340 2139 4395 D
2169 4337 2369 4409 gensis
2394 4336 2851 4411 mres,quamvis
2866 4338 3117 4396 omnino
3138 4337 3642 4411 liberum,st
3673 4349 3741 4406 in
3764 4351 3844 4406 Ca-

418 4432 625 4501 steriis,
656 4435 721 4488 ut
746 4427 928 4486 habet
951 4427 1180 4495 Glaber,
1202 4426 1413 4484 beatus
1443 4424 1786 4483 Guillehmis
1810 4425 2058 4499 prefixe-

413 4523 507 4592 rit,
513 4533 904 4601 eumque,pro
916 4520 1192 4590 reparata
1209 4514 1523 4588 disciplina
1535 4514 1793 4585 regulari
1812 4515 2061 4587 aliisque

415 4609 927 4682 beneﬁciis,quam
948 4605 1208 4688 phnirna
1227 4604 1549 4661 Galliarum
1573 4607 1631 4659 et
1653 4602 1837 4660 italia
1858 4618 2060 4662 emno-

412 4699 517 4757 bia
535 4697 800 4756 certatim
827 4695 942 4752 sibi
959 4693 1415 4765 vincﬁeent,prse
1430 4691 1655 4747 caeteris
1684 4694 1886 4748 tamen
1905 4691 2062 4748 hanc

413 4789 597 4846 habet
622 4784 1081 4865 prmrogativam
1106 4781 1447 4855 perceiebre
1470 4780 1855 4837 sanctissimae
1877 4781 2061 4836 Trini-

415 4878 549 4936 tatis
578 4879 997 4935 Fiscamnense
1015 4870 1467 4941 monasterium,
1497 4869 1683 4943 quod,
1710 4874 1845 4943 post
1872 4885 2062 4927 annos

415 4969 598 5026 ﬁrme
635 4965 881 5037 triginta
920 4959 1440 5041 regiminisﬁpsius
1474 4959 1793 5033 sepulchro
1824 4959 2064 5030 insigni-

415 5064 545 5117 tum
560 5057 749 5115 i'uerit.
759 5058 923 5113 Certe
938 5068 1078 5110 eum
1089 5066 1253 5108 anno
1268 5050 1397 5107 1001
1414 5050 1847 5107 Fiscamnensis
1858 5065 2064 5107 mena-

416 5148 575 5206 sterii
601 5146 871 5218 regimen
884 5141 1233 5216 suscepisse,
1264 5140 1477 5197 diserte
1486 5140 1740 5198 habetur
1760 5140 1823 5197 in
1841 5139 2065 5214 duplici

417 5233 897 5315 Chronico,apud
919 5229 1457 5298 Labbenm,tomol
1479 5228 1847 5286 Bibliotheca
1865 5245 2061 5298 nom,

417 5337 679 5405 quorum
716 5335 909 5376 unum
948 5319 1449 5399 Rothomagense,
1509 5318 1762 5374 alterum
1816 5318 2066 5375 ﬁssam-

418 5422 605 5471 nense
633 5406 717 5461 ibi
744 5405 1051 5479 apeliatur.
1084 5406 1179 5462 His
1208 5406 1503 5464 consentit
1540 5408 1749 5464 auctor
1792 5405 2065 5464 Chronici

421 5494 809 5565 Beni‘gni’ani;
839 5509 976 5549 eum
1001 5511 1137 5551 vero
1181 5512 1340 5552 anno
1367 5496 1496 5553 1'03}
1532 5496 1748 5552 obii’sse
1776 5496 1977 5553 nullus
2000 5496 2063 5551 in

422 5583 680 5643 dubium
723 5597 1000 5639 revocare
1045 5587 1255 5655 potest.
1284 5588 1382 5640 Est
1423 5588 1621 5641 autem
1661 5585 2062 5658 Fiscamnum,

422 5671 608 5743 vulgo
630 5674 871 5741 Fescan,
919 5669 1210 5743 oppidum
1253 5672 1407 5730 intra
1431 5672 1702 5730 diceeesis
1746 5675 2063 5732 Rothoma-

2164 4426 2317 4483 iettis
2349 4426 2427 4483 ad
2451 4430 2833 4501 prospectum
2862 4428 3197 4501 maris,quo
3223 4429 3286 4484 in
3316 4428 3460 4488 loco
3488 4436 3840 4509 Wuningus,

2166 4514 2259 4570 vir
2285 4515 2503 4570 nobilis
2532 4516 2750 4572 saeculo
2779 4517 3037 4588 septimo
3058 4520 3513 4578 monasterium
3540 4526 3843 4597 virginum

2167 4608 2578 4672 contraxerat;
2621 4605 2728 4661 sed
2769 4621 2842 4661 eo
2895 4622 3007 4679 per
3047 4609 3459 4665 Nortmannos
3514 4612 3843 4683 destructo,

2168 4694 2332 4750 aliud
2370 4710 2483 4767 pro
2509 4694 2651 4750 viris
2696 4696 3098 4753 Nortmanniae
3142 4697 3373 4754 ducum
3422 4699 3734 4764 libertate
3762 4722 3846 4762 se-

2169 4782 2285 4839 culi
2312 4782 2493 4855 hujus
2535 4783 2700 4840 initio
2739 4786 3126 4854 consurrexit,
3182 4785 3463 4860 illudque
3491 4793 3844 4853 etiamnunc

2169 4870 2387 4944 opibus
2429 4875 2487 4928 et
2525 4872 2832 4931 nobilitate
2878 4874 3103 4931 caeteris
3160 4875 3499 4947 provinciae
3550 4883 3845 4941 coenobiis

2168 4959 2653 5033 praeeminet,sub
2680 4966 2890 5019 nostra
2918 4962 3107 5020 sancti
3130 4964 3315 5021 Mauri
3336 4974 3841 5045 congregatione.

2168 5049 2439 5122 Waningi
2469 5049 2645 5123 primi
2683 5051 2813 5121 ejus
2845 5050 3178 5109 fundatoris
3220 5054 3439 5122 Vitam,
3502 5075 3629 5116 seu
3661 5062 3844 5136 potius

2169 5139 2378 5196 mutila
2395 5138 2582 5218 ipsius
2598 5139 2741 5197 Vitae
2758 5140 3091 5212 augmenta
3106 5157 3181 5198 ex
3194 5142 3441 5200 incertis
3462 5152 3839 5213 auctoribus,

2172 5228 2392 5284 saeculo
2434 5228 2697 5285 secundo
2748 5228 3127 5302 protulimus.
3186 5232 3404 5305 Prieter
3441 5234 3628 5295 hanc
3661 5240 3843 5296 Vitam

2169 5315 2469 5373 habemus
2495 5332 2620 5390 prec
2645 5316 2927 5374 manibus
2942 5333 3014 5375 ex
3042 5317 3247 5375 codice
3268 5322 3709 5395 ms.ejusdem
3735 5342 3843 5385 mo-

2169 5405 2411 5462 nasterii
2455 5405 2675 5463 librum
2722 5407 2819 5464 cui
2848 5407 3050 5465 titulus
3077 5411 3205 5465 est:
3245 5431 3275 5459 «
3316 5412 3401 5467 De
3445 5417 3841 5483 revelatione,

2172 5494 2561 5553 aediﬁcatione
2605 5499 2661 5554 et
2694 5497 3041 5554 auctoritate
3067 5501 3419 5556 monasterii
3449 5503 3841 5564 Fiscamnen-

2171 5583 2270 5653 sis,
2301 5603 2329 5638 >
2356 5585 2417 5641 in
2446 5602 2568 5659 quo
2598 5586 2868 5657 ejusdem
2896 5587 3011 5644 loci
3036 5586 3224 5657 initia,
3248 5605 3457 5662 casus,
3485 5599 3550 5651 et
3581 5598 3792 5656 clades
3812 5612 3837 5651 ει

2170 5676 2548 5732 Nortmannis
2572 5675 2765 5744 illatae,
2791 5693 2861 5734 ac
2880 5675 3130 5734 demum
3152 5677 3285 5750 ejus
3306 5687 3639 5759 reparatio
3673 5688 3835 5745 fusius
