3980 6428
133 265 234 320 845

1467 259 1748 316 ΝΟΊῚΤΙΛ
1788 257 2202 324 HISTORICA,

3446 265 3548 319 846

130 389 526 458 exponuntur.
556 385 637 438 Ex
665 383 779 439 hoc
809 384 962 440 libro
993 386 1280 440 discimus
1306 387 1579 441 sanctum
1609 383 1782 439 Maio-
1819 390 1866 440 A
1897 388 2033 455 post
2057 384 2436 441 Guillelmum
2460 383 2900 455 Divionensem,
2923 385 3118 440 virum
3147 385 3478 458 sapientem
3497 391 3555 442 et

129 476 251 530 lum
273 473 724 528 Cluniacenscm
748 473 1031 530 abbatem
1063 491 1098 530 a
1125 475 1451 529 Ricbardot
1475 476 1786 527 Nortman-

128 581 338 620 norum
366 563 518 618 duce
544 563 722 617 fuisse
753 563 1070 619 invitatum
1103 568 1165 618 ut
1189 564 1524 619 monachos
1555 562 1786 618 Clunia-

128 670 330 711 censes
387 653 770 709 Fiscamnum
821 654 1262 722 transmitteret,
1320 651 1627 708 canonicis
1683 649 1787 721 qui

129 749 266 800 tunc
312 744 467 799 hanc
516 742 834 797 ecclesiam
885 744 1267 814 occupabant
1312 740 1782 798 substituendos.

128 831 292 896 Quod
338 848 477 885 cum
529 831 614 885 vir
667 834 908 884 sanctus
964 831 1156 885 facere
1208 831 1523 900 renuissct,
1575 832 1786 900 postea

129 920 397 976 Richardi
423 919 680 974 .lunioris
711 925 998 990 tempore,
1032 919 1379 974 Guillelmus
1410 924 1630 986 noster,
1655 918 1786 987 jam

127 1009 316 1066 abbas
343 1009 767 1077 Benignianus,
791 1009 984 1063 eidem
1010 1009 1142 1064 loco
1173 1009 1530 1080 praepositus
1557 1014 1662 1073 est,
1683 1000 1790 1063 ubi

128 1099 520 1154 monasticam
566 1098 749 1152 vitam
791 1096 1061 1153 restituit.
1097 1097 1474 1153 Guillelmum
1507 1114 1628 1168 prie
1673 1114 1783 1152 cae-

124 1188 260 1242 teris
307 1187 446 1242 viris
498 1187 632 1258 piis,
662 1186 767 1258 qui
803 1191 944 1241 tunc
983 1187 1267 1259 temporis
1296 1187 1357 1242 in
1388 1186 1776 1242 Nortmanuia

126 1276 437 1341 ﬂorebant,
498 1292 533 1330 a
592 1275 888 1330 Ricbardo
943 1275 1225 1331 dilectum
1279 1275 1461 1331 fuisse
1527 1280 1774 1331 testatur

128 1366 294 1428 Ηυρο
327 1365 783 1420 Flaviniacensis
833 1365 892 1420 in
924 1366 1216 1422 Chronico
1247 1366 1618 1435 Virdunensi,
1652 1365 1774 1431 ubi,

125 1455 446 1525 prtemissis
481 1454 754 1508 Richardi
784 1454 1089 1522 laudibus,
1124 1455 1225 1526 qui
1254 1455 1445 1527 pulsis
1477 1454 1782 1510 canonicis

124 1544 454 1598 monachos
510 1544 623 1597 sub
679 1543 972 1599 Guillelmi
1014 1545 1428 1600 moderamine
1482 1543 1781 1599 Fiscamni

122 1633 388 1694 instituit,
425 1634 506 1688 sic
538 1633 872 1689 concludit:
909 1656 936 1682 ‹‹
959 1635 1147 1705 Hujus
1178 1640 1445 1706 tempore
1475 1634 1614 1688 viris
1646 1633 1779 1689 reli-

1894 473 1955 527 in
2002 472 2286 540 religione
2337 471 2865 542 ferventissimum,
2893 475 3154 529 Joannes
3196 474 3555 530 venerabilis

1896 562 2087 617 abbas
2118 562 2291 617 annis
2315 561 2759 634 quinquaginta
2795 565 2853 616 et
2875 577 2999 618 uno
3027 563 3195 630 rexit,
3213 568 3354 635 post
3372 580 3557 636 quem

1898 651 2241 706 Guillelmus
2271 651 2344 707 de
2378 655 2512 717 Roz,
2547 650 2887 721 Bajocensis
2932 650 3203 716 clericus,
3232 653 3340 708 sed
3373 653 3560 709 Cado-

1897 739 2121 792 mensis
2151 739 2509 809 monachus,
2540 738 2661 794 fere
2703 755 2864 794 xxv"
2904 740 3080 796 annis
3120 740 3324 796 tenuit.
3360 741 3464 796 Hic
3493 745 3561 796 ut

1899 826 2152 897 mystica
2175 828 2427 897 nardus,
2460 827 2518 882 in
2541 827 2726 882 domo
2756 827 2990 883 Domini
3011 828 3289 899 ﬂagravit
3307 829 3561 886 Charita-

1900 919 1973 982 te,
2005 915 2276 985 largitate
2306 917 2782 988 multimodaque
2829 917 3144 990 probitate.
3191 921 3386 990 Opera
3422 933 3558 991 quas

1897 1003 2103 1075 palam
2148 1006 2358 1060 sedqu
2402 1006 2556 1073 fecit,
2584 1005 2678 1061 vel
2707 1005 2768 1061 in
2817 1005 3051 1062 occulto
3100 1022 3305 1063 coram
3348 1007 3560 1079 paucis

1899 1093 2137 1149 arbitris
2181 1095 2578 1167 omnipotenti
2629 1098 2749 1152 Deo
2777 1094 3004 1162 libavit,
3041 1100 3395 1154 attestantur
3422 1096 3557 1168 quis

1902 1183 2142 1254 spiritus
2172 1183 2233 1239 in
2285 1184 2384 1240 illo
2432 1184 2742 1252 habitavit,
2775 1183 3099 1257 ipsumque
3149 1190 3338 1242 totum
3365 1185 3560 1258 possi-

1900 1272 2049 1327 dens
2074 1273 2152 1329 ad
2178 1273 2396 1330 solium
2425 1274 2658 1330 Domini
2693 1273 2950 1330 sabaoth
2981 1275 3399 1330 coronandum
3429 1290 3560 1347 per-

1898 1359 2132 1417 duxit.»
2179 1363 2358 1420 Plura
2399 1364 2473 1419 de
2514 1362 2826 1419 Guillelmo
2858 1363 2904 1417 II
2932 1363 3114 1420 habet
3141 1364 3304 1419 idem
3349 1369 3560 1420 auctor

1901 1448 2054 1505 libro
2085 1467 2140 1504 ει
2185 1451 2288 1506 ubi
2333 1453 2485 1507 inter
2526 1456 2738 1508 caetera
2780 1451 3004 1523 profert
3053 1451 3329 1522 ejusdem
3378 1450 3561 1522 epita-

1901 1538 2108 1608 phium
2153 1540 2231 1596 ab
2271 1537 2611 1596 Hildeberto
2641 1540 3080 1598 Cenomanensi
3109 1540 3352 1596 editum.
3391 1561 3419 1588 ‹‹
3444 1539 3559 1594 Sed

1891 1627 1983 1682 his
2015 1629 2276 1698 omissis,
2311 1634 2513 1702 utpote
2544 1647 2681 1702 quin
2723 1631 2854 1701 jam
2901 1629 3062 1686 edita
3111 1633 3269 1701 sunt,
3303 1628 3561 1700 profere-

123 1723 304 1792 giosis
333 1722 529 1776 floruit
559 1723 946 1791 Normannia,
974 1724 1078 1795 qui
1111 1724 1189 1779 ad
1227 1740 1367 1779 eum
1398 1723 1784 1778 confluebant
1819 1740 1857 1792 Β
1897 1733 2028 1770 mus
2095 1733 2168 1772 ex
2226 1736 2340 1775 ms.
2409 1719 2613 1775 codice
2683 1719 3087 1776 Fiscamnensi
3153 1718 3557 1788 fragmentum

121 1813 285 1867 veiut
335 1827 477 1882 apes
532 1812 610 1866 ad
659 1812 936 1878 alvearia,
983 1813 1134 1868 inter
1182 1830 1334 1886 quos
1385 1813 1544 1868 hunc
1585 1812 1783 1867 virum

120 1900 388 1967 beatum,
433 1901 812 1955 Guillelmum
845 1901 1152 1970 abbatem,
1186 1902 1559 1974 propensiori
1606 1900 1785 1956 coluit

122 1990 470 2059 reverentia,
501 1992 654 2045 adeo
685 1995 749 2046 ut
780 1991 1022 2062 speciali
1069 2007 1207 2046 eum
1257 2008 1461 2046 amore
1493 1991 1778 2055 diligeret,

123 2084 179 2133 et
208 2081 520 2150 praeceptis
545 2080 674 2150 ejus
705 2079 1120 2151 obtemperare
1146 2081 1525 2151 consiliisque
1549 2079 1786 2150 acquie-

124 2183 284 2222 scere
317 2169 621 2237 gauderet.
653 2192 677 2216 ››
725 2170 888 2224 Hanc
929 2170 1041 2224 sibi
1090 2169 1505 2224 auctoritatem
1537 2183 1782 2240 compa—

121 2261 354 2312 raverat
385 2256 728 2312 Guillelmus
760 2257 890 2312 vitae
933 2275 1055 2313 suae
1088 2275 1156 2314 ac
1189 2275 1435 2313 suorum
1467 2258 1784 2312 sanctimo-

125 2345 241 2400 nia.
277 2337 405 2410 Qua
436 2361 576 2399 vero
622 2346 847 2401 ratione
893 2346 1053 2401 eoin
1100 2347 1468 2402 monasteria
1519 2345 1787 2401 instituta

126 2433 297 2489 fuerit
342 2434 455 2487 sub
494 2434 623 2502 ejus
668 2435 956 2503 regimine
1012 2438 1342 2491 monastico
1393 2435 1526 2500 vita,
1555 2435 1684 2504 jam
1715 2450 1787 2487 ex

127 2525 599 2594 Chronographo
627 2524 996 2593 Benigniano
1025 2525 1368 2593 didicimus,
1405 2525 1512 2578 sed
1545 2541 1616 2578 ex
1655 2523 1786 2578 lau-

125 2611 267 2666 dato
298 2610 496 2665 libello
523 2612 756 2682 plenius
791 2613 1032 2684 patebit,
1068 2629 1251 2684 quem
1282 2612 1530 2684 quidem
1564 2612 1786 2666 librum

127 2702 422 2769 integrum
455 2701 628 2754 cdere
653 2701 916 2772 primum
945 2705 1366 2760 statueramus.
1400 2700 1565 2770 quod
1597 2700 1786 2754 multa

127 2790 558 2862 complectatur
622 2789 695 2843 de
765 2789 1170 2844 Fiscamnensi
1215 2787 1583 2843 monasterio
1639 2787 1790 2842 scitu

125 2880 331 2948 digna,
365 2883 418 2933 et
451 2877 751 2933 Willelmo
800 2878 1003 2933 abbati
1053 2877 1482 2946 Fiscamnensi,
1525 2876 1788 2931 secundo

128 2984 203 3022 an
252 2966 438 3032 tertio,
482 2967 554 3021 sit
592 2970 994 3037 nuncupatus.
1043 2968 1255 3020 Verum
1305 2981 1444 3020 cum
1493 2965 1622 3035 jam
1671 2965 1790 3019 fere

1895 1828 1921 1856 ‹‹
1952 1807 2217 1878 epistolae
2251 1809 2534 1865 Balderici
2567 1808 2832 1882 episcopi
2857 1809 2936 1865 ad
2963 1809 3443 1879 Fiscamnenses,
3465 1823 3558 1864 re-

1894 1895 2115 1953 ferente
2145 1899 2412 1966 Adelino,
2444 1898 2549 1970 qui
2579 1899 2631 1954 ei
2663 1903 2864 1954 custos
2890 1902 2947 1954 et
2970 1899 3239 1955 minister
3267 1898 3329 1954 in
3358 1896 3559 1970 hospi-

1898 1986 1997 2041 tali
2032 1987 2224 2044 fuerat
2265 1989 2607 2060 deputatus.
2636 2011 2666 2039 ι»
2715 1987 2864 2044 Illud
2905 1992 3108 2044 autem
3151 1987 3558 2058 fragmentum

1901 2077 2014 2132 tale
2045 2082 2132 2132 est
2160 2096 2173 2134 :

1966 2170 2018 2220 4ο.
2064 2167 2407 2222 Guillelmus
2438 2167 2980 2240 praedecessoribus
3005 2168 3129 2222 suis
3157 2167 3400 2239 suisque
3425 2173 3562 2239 pro-

1897 2254 2250 2310 vincialibus
2285 2261 2516 2312 tantum
2562 2256 2770 2312 enituit
2798 2273 2920 2329 quo
2953 2261 3130 2328 pacto
3176 2260 3232 2311 et
3260 2260 3561 2327 quantum

1898 2345 2120 2400 caeteris
2151 2345 2550 2401 luminaribus
2577 2345 2664 2401 so]
2697 2346 2896 2401 rutilat
2924 2345 3297 2401 eminentior.
3336 2349 3444 2401 Iste
3489 2344 3563 2399 si-

1899 2433 2146 2504 quidem
2178 2450 2402 2504 magna
2431 2434 2761 2490 litterarum
2789 2434 2998 2506 peritia
3025 2434 3332 2506 praeditus,
3363 2433 3562 2506 primo

1905 2524 2242 2591 Bajocensis
2271 2523 2751 2591 archidiaconus,
2778 2527 2986 2594 postea
3015 2522 3406 2578 Cadomensis
3437 2537 3564 2576 mo-

1903 2611 2155 2677 nachus,
2185 2610 2898 2666 demum-Fiscamnensis
2921 2610 3134 2678 abbas,
3160 2609 3487 2666 reverenda
3507 2612 3566 2665 et

1901 2715 2055 2754 cana
2099 2715 2382 2770 persona,
2423 2699 2708 2770 quaedam
2756 2699 3057 2769 religionis
3097 2699 3402 2769 majestas,
3450 2698 3561 2754 do-

1899 2804 2069 2843 mum
2100 2788 2275 2844 istam
2297 2805 2537 2843 morum
2570 2803 2817 2844 suorum
2844 2787 3048 2844 extulit
3071 2803 3343 2854 censura,
3371 2787 3564 2861 parie-

1899 2876 2058 2932 tibus
2089 2877 2376 2946 dilatavit,
2409 2882 2484 2948 et,
2516 2877 2681 2950 quod
2730 2877 2784 2933 ei
2823 2877 3157 2950 specialiter
3184 2878 3561 2950 praecipuum

1901 2966 2029 3036 fuit,
2062 2967 2314 3023 fratrum
2363 2971 2728 3023 conventum
2781 2967 3006 3023 ditavit.
3059 2967 3216 3024 Multi
3265 2967 3563 3041 siquidem

127 3061 356 3126 integer
413 3056 490 3111 ab
539 3060 751 3110 Arturo
798 3056 882 3111 du
934 3056 1205 3111 Monstier
1259 3055 1318 3110 in
1372 3055 1637 3110 Neustria
1692 3053 1792 3125 pia
1831 3097 1870 3151 Ο
1902 3057 2132 3112 nobiles
2162 3057 2296 3113 laici
2326 3060 2382 3112 et
2411 3057 2624 3121 clerici,
2657 3056 2960 3128 religionis
2981 3058 3111 3129 ejus
3132 3057 3316 3114 odore
3348 3073 3565 3132 provo-

126 3145 322 3201 cditus
380 3144 468 3209 sit,
518 3142 790 3198 sutﬁccre
843 3144 1036 3198 visum
1081 3149 1168 3199 est
1216 3160 1286 3199 ea
1340 3145 1602 3216 proferre
1656 3159 1790 3216 quas

129 3233 451 3308 specialius
479 3232 555 3287 ad
610 3237 882 3288 nostrum
930 3239 1197 3305 spectant
1261 3233 1619 3290 institutum.
1680 3233 1791 3289 Sed

126 3325 293 3397 prius
386 3321 710 3376 dicendum
788 3322 998 3395 paucis
1069 3323 1142 3378 de
1230 3322 1368 3378 viris
1460 3322 1790 3378 illustribus

126 3413 231 3486 qui
290 3412 352 3466 in
409 3411 772 3469 monasterio
847 3412 1250 3467 Fiscamnensi
1309 3417 1448 3468 tunc
1509 3410 1790 3485 temporis

125 3502 478 3558 floruerunt.

198 3598 250 3646 2.
303 3590 413 3646 Viri
438 3590 692 3646 illustres
720 3591 824 3663 qui
855 3591 966 3645 sub
999 3590 1300 3646 Willelmo
1328 3589 1546 3646 abbate
1576 3591 1637 3644 in
1665 3605 1790 3644 mo-

128 3680 389 3736 nasterio
436 3680 838 3735 Fiscamnensi
873 3681 1218 3748 floruerunt,
1252 3679 1312 3734 in
1362 3678 1653 3734 Chronico
1699 3681 1793 3732 Be-

128 3770 419 3841 nigniano
450 3775 807 3825 recensetur.
835 3773 1054 3825 Locum
1081 3769 1379 3838 integrum
1411 3784 1592 3841 supra
1625 3766 1792 3822 dedi—

129 3879 286 3917 mus.
323 3865 579 3917 Fuerunt
604 3865 660 3916 et
688 3860 960 3917 nonnulli
988 3860 1286 3933 principes
1319 3876 1390 3914 ex
1417 3857 1792 3914 nobilissimo

130 3952 512 4009 Normannire
558 3951 783 4007 ducum
832 3951 1124 4022 sanguine
1179 3950 1387 4018 exorti,
1431 3951 1538 4022 qui
1579 3948 1795 4004 iisdem

130 4041 505 4115 temporibus
547 4041 772 4098 ibidem
830 4041 1132 4097 cucullum
1177 4040 1520 4109 induerunt,
1553 4057 1625 4095 ex
1667 4038 1797 4112 qui-

128 4133 247 4190 bus
309 4132 653 4189 Guillelmus
725 4131 1213 4189 Gemmeticcnsis
1268 4130 1623 4186 Willelmum
1676 4145 1797 4186 me-

131 4226 333 4279 morat
375 4222 528 4279 libro
573 4241 625 4289 v,
659 4239 791 4296 cap.
848 4228 933 4290 I3,
984 4221 1260 4278 Richardi
1301 4221 1346 4276 II
1385 4220 1596 4286 tilium,
1633 4218 1798 4294 apud

132 4314 520 4370 Fiscamnum
588 4312 913 4371 monachili
975 4312 1190 4368 vellere
1257 4311 1317 4366 in
1398 4309 1799 4366 adolescentia

131 4403 428 4458 functum.
457 4401 638 4458 Paulo
670 4407 806 4474 post
836 4401 1112 4457 Nicolaus
1145 4400 1420 4456 Richardi
1464 4399 1614 4455 tertii
1642 4398 1798 4454 ﬁlius

130 4490 361 4547 ibidem
387 4489 585 4558 etiam,
614 4490 1008 4562 compellente
1048 4489 1304 4546 Roberto
1336 4505 1445 4544 suo
1474 4487 1664 4560 ipsius
1688 4503 1798 4560 pa—

131 4585 291 4647 truo,
345 4579 449 4653 qui
502 4580 564 4636 in
617 4581 747 4650 ejus
799 4580 1002 4635 locum
1052 4579 1456 4636 Nortmanniae
1510 4578 1800 4634 ducatum

131 4668 414 4739 obtinuit,
464 4668 859 4724 monasticam
912 4668 1098 4724 vitam
1148 4668 1261 4724 sub
1307 4670 1533 4723 Joanne
1581 4666 1800 4722 abbate

131 4759 455 4832 amplexus
485 4763 590 4815 est.
627 4759 678 4814 Is
703 4762 910 4830 postea
956 4758 1144 4814 sancti
1183 4757 1457 4814 Audoeni
1490 4755 1655 4828 apud
1685 4759 1799 4812 Βομ-

128 4850 496 4919 thomagum
540 4848 733 4904 abbas
763 4848 953 4904 factus
984 4846 1186 4903 multis
1221 4846 1534 4902 virtutibus
1566 4846 1796 4914 claruit,

131 4942 202 4994 ut
252 4937 427 4994 refert
496 4936 810 4994 0rdericus
867 4936 1085 5006 Vitalis,
1137 4935 1292 4993 libro
1338 4952 1464 5005 vm,
1521 4935 1626 4992 ubi
1673 4934 1800 4992 fuse

131 5027 352 5084 laudes
381 5028 510 5100 ejus
541 5027 840 5083 describit.
880 5026 981 5084 His
1021 5030 1340 5083 accensent
1366 5026 1640 5082 nonnulli
1670 5025 1804 5083 Mal-

133 5117 398 5189 gerium,
445 5117 550 5190 qui
593 5117 842 5174 demum
881 5116 960 5173 ad
1000 5115 1204 5173 sedem
1254 5115 1802 5186 Bothomagensem

132 5211 383 5263 evectus
412 5205 558 5274 fuit;
611 5206 720 5262 sed
756 5205 938 5276 hujus
985 5220 1174 5277 opera
1215 5202 1509 5260 natalium
1553 5219 1801 5260 suorum

133 5296 396 5368 gloriam
424 5294 874 5351 obscurrarunt.

208 5389 265 5442 3.
306 5383 518 5441 Paucis
546 5383 742 5440 verbis
771 5386 888 5438 tres
939 5381 1166 5456 priores
1216 5381 1513 5438 Fiscamni
1549 5385 1692 5456 post
1717 5397 1804 5438 re-

136 5473 572 5530 staurationem
599 5471 848 5528 abbates
872 5471 1080 5526 laudat
1101 5470 1440 5540 0rdericus,
1461 5471 1615 5528 libro
1634 5489 1708 5541 Iv,
1731 5489 1804 5528 ex

137 5564 364 5636 quibus
414 5561 689 5630 colligere
718 5560 854 5614 licet
881 5564 1109 5632 quanta
1151 5564 1290 5616 tunc
1339 5561 1514 5618 fuerit
1555 5578 1626 5618 ea
1661 5565 1805 5618 tem-

136 5655 371 5725 pestate
400 5648 560 5705 illius
589 5647 937 5705 monasterii
966 5647 1148 5706 fama.
1200 5672 1227 5698 ((
1254 5650 1694 5721 Fiscamnense’
1719 5651 1805 5708 in-

140 5742 292 5814 quit,
321 5737 667 5798 coenobium
692 5737 753 5794 in
783 5743 1106 5811 prospectu
1134 5739 1318 5797 maris
1349 5740 1630 5812 pesitum,
1664 5744 1800 5806 etc.,

1903 3146 2037 3211 cati,
2069 3146 2146 3201 ad
2187 3147 2642 3202 conversionem
2673 3147 2846 3203 exciti
2873 3151 3028 3214 sunt,
3058 3152 3114 3202 et
3159 3147 3413 3203 ultronei
3440 3163 3568 3203 mo-

1903 3236 2169 3291 nachum
2215 3235 2560 3303 induerunt,
2593 3241 2648 3292 et
2679 3235 2900 3292 sanctis
2952 3236 3139 3308 ipsius
3170 3235 3448 3292 institutis
3475 3235 3566 3292 in-

1902 3322 2141 3380 formati
2189 3329 2344 3379 sunt.
2383 3328 2505 3393 Ego
2552 3324 2699 3397 ipse,
2731 3324 2836 3398 qui
2868 3323 3181 3381 vobiscum
3222 3324 3458 3397 loquor,
3504 3323 3567 3380 in

1901 3412 2233 3483 longinquo
2271 3413 2526 3484 positus,
2553 3412 2785 3468 bonam
2814 3412 2994 3468 etiam
3020 3411 3208 3468 nostri
3239 3414 3301 3468 G.
3331 3411 3565 3486 opinio-

1901 3519 2042 3557 nem
2091 3501 2333 3570 audivi;
2385 3518 2507 3574 qua
2549 3501 2803 3570 illectus,
2832 3517 2940 3573 per
2982 3501 3285 3558 licentiam
3328 3501 3567 3558 abbatis

1902 3589 2088 3644 nostri
2127 3587 2434 3655 (abbatem
2482 3588 2780 3659 siquidem
2810 3587 2996 3644 alium
3026 3586 3332 3644 habebam
3362 3591 3418 3643 et
3465 3589 3569 3644 ha-

1901 3679 2062 3745 beo),
2090 3677 2278 3746 gratia
2309 3678 2361 3733 ei
2387 3676 2736 3734 adhaerendi
2767 3677 3145 3733 Fiscamnum
3169 3676 3309 3747 adii,
3331 3680 3569 3747 gratan-

1904 3773 2330 3840 ter,susccptus
2357 3767 2665 3836 sum,licet
2689 3767 3015 3824 homuncio
3041 3766 3263 3824 nullius
3294 3783 3567 3823 momen-

1903 3859 1965 3915 ti.
1999 3861 2219 3915 Omnes
2271 3873 2381 3914 nos
2427 3873 2580 3930 quos
2609 3857 2774 3913 vides
2803 3873 2956 3930 pene
3003 3858 3131 3931 ipse
3178 3857 3563 3928 aggregavit:

1908 3949 2013 4005 sed
2044 3949 2244 4022 plures
2275 3965 2462 4022 quam
2511 3947 2695 4005 modo
2736 3964 2967 4016 sumus,
2998 3947 3244 4016 fuimus,
3277 3947 3570 4021 quoniam

1906 4039 2123 4096 ducem
2169 4055 2347 4095 suum
2394 4042 2534 4112 post
2574 4037 2768 4110 ipsius
2811 4036 3130 4093 transitum
3181 4036 3434 4109 quidam
3463 4051 3570 4091 no-

1908 4133 2167 4186 strorum
2209 4129 2576 4203 pedetentim
2610 4126 2796 4184 secuti
2844 4130 3000 4208 sunt.
3036 4125 3271 4184 Ordinis
3318 4125 3447 4197 ipse
3490 4123 3572 4181 vi-

1908 4235 2017 4290 gor
2040 4219 2330 4293 praestitit,
2363 4217 2560 4276 verbis
2593 4221 2651 4274 et
2677 4215 2965 4290 exemplis
2998 4231 3111 4273 nos
3138 4213 3441 4283 instruxit,
3467 4228 3573 4286 pa-

1907 4313 2075 4365 terno
2101 4307 2318 4364 affectu
2349 4306 2462 4363 sibi
2485 4321 2597 4362 nos
2629 4321 2841 4362 omnes
2870 4303 3273 4360 invisceravit.
3299 4305 3472 4367 Nam,
3495 4315 3571 4356 ne

1906 4397 2216 4454 veritatem
2236 4394 2548 4458 tacuerim,
2572 4398 2815 4467 propter
2836 4396 3025 4450 Deum
3052 4391 3335 4447 omnibus
3365 4389 3572 4446 omnia

1909 4486 2036 4544 fuit.
2065 4485 2290 4541 Idcirco
2322 4484 2774 4556 subsequuntur
2812 4498 2951 4538 eum
2995 4479 3280 4554 lacrymae
3328 4482 3568 4549 nostrae,

1908 4578 2226 4650 propterea
2253 4572 2614 4630 comitantur
2643 4586 2782 4626 eum
2823 4569 3083 4643 suspiria
3113 4572 3337 4626 nostra.
3363 4570 3445 4624 Eo
3475 4567 3570 4624 die

1908 4672 2110 4722 noster
2137 4664 2261 4720 dux
2287 4666 2434 4733 erat,
2463 4662 2528 4718 in
2549 4660 2834 4734 lacrymis
2853 4659 3056 4716 nullus
3086 4658 3194 4716 fuit
3222 4657 3483 4724 uberior,
3510 4656 3572 4712 in

1905 4755 2122 4812 lectulo
2152 4769 2260 4811 suo
2302 4750 2662 4825 suspirando
2713 4765 2920 4806 secum
2963 4748 3255 4819 litigabat,
3283 4747 3342 4802 in
3394 4746 3572 4804 turba

1907 4844 2226 4901 nobiscum
2254 4842 2496 4916 quietus
2541 4843 2686 4912 erat,
2717 4840 2779 4895 in
2811 4837 3035 4908 angulo
3075 4835 3360 4904 ecclesiae,
3392 4835 3482 4892 vel
3509 4835 3572 4891 in

1909 4934 2146 5007 grabati
2190 4933 2283 4990 sui
2325 4930 2641 4988 solitudine
2691 4933 2849 4986 totus
2900 4927 3172 4985 turbatus
3203 4931 3348 4982 erat.
3384 4925 3574 4982 Disce-

1909 5025 2119 5098 ptabat
2149 5022 2447 5096 siquidem
2492 5036 2702 5076 secum
2731 5035 2846 5094 pro
2870 5017 3088 5074 nostris
3119 5015 3488 5084 excessibus,
3517 5018 3576 5070 et

1911 5112 2302 5181 crucifigebat
2353 5107 2900 5166 immisericorditer
2957 5106 3246 5178 seipsum.
3302 5104 3358 5161 Si
3425 5103 3575 5177 quid

1911 5201 2255 5270 contigisset
2283 5200 2536 5255 fratrum
2563 5196 2846 5264 reatibus,
2870 5194 3047 5265 cujus
3071 5194 3233 5250 hunc
3261 5208 3573 5249 excessum

1912 5288 2334 5362 compatiendo
2390 5301 2515 5342 non
2581 5283 2718 5340 fecit
2773 5286 3000 5339 suum?
3056 5280 3247 5338 Toties
3307 5281 3574 5355 seipsum

1911 5377 2213 5445 mactavit,
2241 5375 2474 5449 quoties
2503 5372 2739 5446 aliquis,
2772 5371 2866 5428 vel
2912 5387 3024 5442 ego
3064 5369 3246 5427 miser
3290 5369 3573 5444 peccavi;

1910 5468 1974 5524 in
2017 5464 2388 5523 orationibus
2432 5461 2775 5534 frequenter
2816 5459 3232 5534 pernoctabat,
3267 5462 3578 5534 Deumque

1914 5556 2281 5630 quietissime
2314 5550 2732 5623 gemebundus
2763 5549 3156 5623 inquietabat,
3190 5549 3315 5605 sine
3347 5549 3579 5606 offensa

1915 5664 2054 5704 cum
2082 5663 2154 5702 eo
2184 5643 2474 5715 litigabat.
2506 5645 2562 5698 et
2604 5656 2711 5714 per
2755 5641 3019 5698 amicum
3068 5639 3342 5712 litigium,
3377 5640 3577 5713 ipsum

1917 5737 2031 5795 sibi
2069 5735 2386 5808 nobisque,
2426 5731 2586 5789 velut
2632 5729 2779 5788 alter
2829 5731 3138 5802 Salomon,
3181 5729 3574 5804 pacificabat;
