3892 6402
477 261 579 312 847

1416 258 1470 312 8.
1515 255 1949 311 GUILLELMUS
1987 255 2088 308 AB]

2279 253 2330 307 S.
2376 254 2659 309 BENIGNI
2699 254 2957 310 DIVION.
3840 258 3878 310 δὲ

468 375 806 432 redimebat
835 375 1010 430 nobis
1050 391 1187 430 cum
1234 374 1647 446 eleemosynis,
1678 376 1820 448 quia
1871 375 2035 447 quod
2065 375 2117 429 ei
2145 378 2191 429 A
2220 375 2303 429 mi
2331 374 2559 430 abbatis
2593 376 2756 430 tertii
2795 373 3251 430 Fiscamnensis.
3286 372 3782 430 Fiscamnensis
3815 394 3877 431 ml:

471 464 879 521 committebat
927 464 1176 520 fideliter
1219 465 1522 533 erogabat.
1559 465 1736 536 Cujus
1775 465 1936 520 enim
1965 481 2114 536 pau-

468 555 630 627 peria
656 554 1033 610 necessitudo
1085 570 1334 609 manum
1383 571 1554 609 suam
1598 554 1779 609 sensit
1809 554 2063 609 sterilem
2088 554 2114 608 ?

470 645 607 708 Quae
637 643 896 698 ecclesias
951 659 1125 698 suam
1158 659 1280 697 non
1329 643 1550 698 habent
1592 643 2115 698 munificentiam?

469 733 761 788 Circuibat
791 732 1043 801 angulos
1071 737 1126 787 et
1157 732 1417 804 compita
1447 732 1843 804 leprosorum,
1877 737 1932 787 et
1978 748 2114 788 cum

465 821 608 893 ipsis
632 821 996 876 familiariter
1020 821 1352 890 locuturus,
1381 837 1598 876 manus
1630 821 1810 876 etiam
1841 821 2115 892 elephan-

466 909 648 964 tiosas
686 909 1039 981 plerumque
1071 909 1520 964 deosculaturus
1570 909 1865 979 tuguriola
1908 909 2112 964 subin-

467 997 682 1063 trabat,
713 1001 778 1053 ut
812 999 1082 1052 omnium
1125 999 1572 1053 necessitatibus
1603 999 1858 1067 adesset,
1883 1003 1947 1054 ut
1975 1015 2112 1053 eum

470 1085 681 1140 miselli
709 1086 1025 1155 cujuslibet
1055 1087 1332 1155 angustia
1361 1089 1748 1157 cognovisset.
1777 1091 1901 1142 Non
1923 1091 2116 1159 potest

469 1174 765 1230 enucleari
793 1175 986 1229 verbis
1020 1176 1296 1231 sanctitas
1328 1178 1456 1247 ejus
1499 1177 1676 1231 bona;
1710 1177 2112 1232 conversatio-

467 1261 630 1317 nis.»
687 1263 974 1317 Eumdem
1025 1263 1304 1318 abbatem
1356 1264 1434 1319 ob
1496 1265 1700 1320 forma
1757 1265 2110 1334 elegantiam

465 1350 744 1417 Puellam,
776 1351 956 1419 vulgo
999 1354 1059 1408 la
1099 1354 1362 1423 Pucelle,
1396 1354 1886 1423 cognominatum
1932 1353 2113 1409 fuisse

465 1439 722 1494 tradunt.
774 1440 1118 1511 Complures
1166 1441 1446 1496 ecclesias
1493 1442 1553 1497 iu
1599 1442 1824 1514 oppido
1857 1442 2109 1498 Fiscam-

462 1528 632 1582 nensi
658 1528 1019 1595 construxit;
1059 1530 1457 1586 universalem
1485 1530 1930 1602 eleemosynam
1961 1547 2112 1602 pau-

463 1616 704 1687 peribus
740 1617 985 1687 singulis
1016 1617 1228 1673 diebus
1255 1619 1624 1687 erogandam
1645 1619 1933 1685 instituit;
1966 1619 2115 1674 rexit

2224 463 2463 518 nasterii
2527 463 2736 518 laudes
2798 463 3014 518 videsis
3077 462 3243 534 apud
3301 461 3664 519 Dudonem
3742 468 3877 520 Sane

2224 552 2481 614 Quintini
2512 553 2830 620 decanum,
2863 553 2968 625 qui
3007 552 3231 608 librum
3263 551 3580 608 ultimum
3645 554 3737 608 De
3769 572 3874 609 mor

2221 643 2336 698 bus
2385 648 2441 699 et
2487 643 2629 698 actis
2661 647 3141 699 Normannorum
3193 642 3689 700 Fiscamnensis
3733 663 3877 701 mon;

2224 732 2381 788 sterii
2412 733 2682 788 encomio
2714 733 2935 788 claudit
2960 751 2972 799 ;
3024 748 3253 804 paucos
3302 732 3547 788 exinde
3578 750 3804 789 versus
3829 736 3877 788 ἐς·

2222 837 2459 893 cerpere
2493 821 2745 876 sufﬁciat
2772 840 2784 876 :

2295 911 2341 964 Ο
2369 911 2683 976 Fiscanne,
2715 910 2903 965 sacris
2939 923 3170 978 semper
3192 909 3470 978 fecunde
3500 911 3791 978 favillis,

2291 999 2645 1054 Sanctorum
2677 999 2901 1054 cineres
2929 999 3284 1054 meritorum
3307 999 3474 1067 ﬂore
3507 1002 3825 1057 micantes

2291 1088 2360 1142 In
2390 1089 2612 1156 gremio
2641 1093 2817 1142 terra?
2837 1102 3195 1142 conservans
3215 1090 3486 1156 jamque
3517 1097 3821 1157 sacratae,

2296 1177 2476 1230 Trino
2506 1175 2887 1244 resplendens
2912 1175 3160 1243 profuso
3191 1174 3329 1230 dote
3359 1177 3632 1243 salutis,

2295 1264 2445 1318 Olim
2480 1265 2742 1333 virgineo
2773 1264 3033 1318 micuisti
3059 1268 3371 1318 stemmate
3402 1279 3630 1332 sacro,

2295 1351 2441 1407 Cum
2471 1353 2899 1420 Leodegarium
2925 1353 3182 1407 servasti
3211 1353 3345 1408 luce
3373 1355 3747 1421 privatum.

2304 1442 2496 1509 Vivas,
2530 1442 2862 1509 Fiscannis,
2895 1456 3126 1508 semper
3153 1441 3448 1509 felicibus
3483 1446 3712 1500 anm’s.

2290 1530 2625 1598 Fiscannis,
2657 1530 2871 1599 gaude,
2902 1530 3045 1600 quia
3073 1535 3137 1582 tu
3166 1529 3545 1599 dignissima
3583 1534 3818 1602 laude;

2302 1619 2409 1673 Vos
2439 1619 2868 1674 Fiscannenses
2897 1619 3185 1674 virtutum
3217 1621 3469 1688 cingitis
3507 1637 3696 1678 enses

463 1707 890 1761 monasterium
947 1708 1118 1762 annis
1164 1707 1365 1776 viginti
1418 1725 1674 1774 novem;
1720 1708 1986 1779 sepultus
2026 1713 2113 1763 est
2142 1725 2184 1776 Β
2295 1707 2574 1760 Ecclesiae
2596 1712 2812 1774 postes,
2845 1707 3153 1761 nebulosos
3184 1709 3464 1763 sternitis
3501 1711 3739 1767 hostes.

461 1793 521 1848 in
554 1795 781 1866 capella
807 1797 999 1850 Beatte
1031 1795 1220 1851 Maria:
1236 1796 1465 1864 veteris,
1491 1813 1561 1851 ex
1589 1797 1864 1868 opposito
1887 1796 2104 1851 altaris.

464 1882 666 1937 Obitus
695 1883 743 1952 ej
755 1899 821 1936 us
851 1882 912 1937 in
944 1883 1287 1954 Necrologio
1318 1884 1562 1939 laudato
1592 1883 1845 1939 habetur
1874 1883 1966 1938 his
1988 1901 2114 1939 ver-

460 1969 550 2026 bis
576 1988 588 2026 :
627 1986 696 2024 vn
715 1971 1024 2026 Kalendas
1053 1972 1304 2040 Aprilis,
1324 1972 1608 2040 depositio
1630 1972 1835 2027 damni
1881 1972 2110 2027 Willel-

2292 1795 2403 1850 Sed
2430 1796 2558 1864 jam
2579 1799 2815 1867 tempus
2841 1800 2928 1850 est
2954 1794 3089 1849 libri
3111 1795 3464 1865 fragmenta
3489 1801 3758 1857 exhibre
3784 1818 3877 1873 qua

2222 1899 2405 1955 supra
2433 1883 2673 1955 pollitici
2715 1900 2946 1939 sumus.

1556 2315 2122 2401 EXCERPTA
2210 2315 2351 2400 EX
2440 2315 2781 2402 LIBRO

746 2496 834 2551 DE
874 2496 1374 2562 REVELATIONE,
1414 2497 1920 2552 IEDIFICATIONE
1961 2497 2044 2549 ET
2084 2494 2568 2549 AUCTORITATE
2608 2496 3024 2552 MONASTERII
3065 2496 3620 2558 FISCAMNENSIS.

1127 2817 1430 2856 PROLOGUS.

528 2890 814 2947 Libellum
844 2890 916 2944 de
941 2888 1320 2956 revelatione,
1343 2888 1733 2942 aediﬁcatione
1763 2890 1820 2942 et
1849 2884 2105 2940 auctori-

457 2983 572 3035 tate
605 2979 1012 3034 Fiscannensis
1052 2976 1415 3043 monasterii,
1448 2980 1614 3031 Pater
1657 2976 1874 3047 inclyte
1905 2974 2110 3029 Willel-

455 3085 572 3134 me,
606 3067 937 3138 composui,
972 3070 1027 3121 et
1057 3065 1457 3136 compositum
1487 3069 1602 3119 tuae
1634 3064 1962 3119 dilectionis
1996 3063 2111 3118 sin-

455 3172 591 3211 cero
619 3154 841 3226 judicio
871 3154 1291 3224 corrigendum
1335 3157 1391 3208 et
1419 3152 1900 3207 conﬁrmandum
1934 3152 2108 3207 desti-

453 3243 616 3310 navi,
645 3246 938 3314 quatenus
988 3246 1102 3296 tuze
1151 3239 1514 3295 celsitudinis
1552 3255 1831 3294 assensus
1863 3244 1915 3294 et
1947 3239 2106 3294 libel-

452 3330 580 3386 lum
633 3330 804 3386 edere
857 3329 1182 3402 prtecipiat,
1217 3333 1272 3384 et
1319 3329 1473 3384 edito
1515 3328 1713 3384 libello
1762 3328 2001 3400 pondus
2051 3332 2107 3384 et

453 3419 859 3476 auctoritatem
892 3419 1197 3474 concedat.
1223 3421 1344 3485 Ego
1375 3417 1639 3489 quidem,
1675 3420 1838 3472 Pater
1866 3417 2102 3488 inclyte,

449 3508 848 3580 ignorantiam
879 3523 1076 3563 meam
1103 3506 1456 3562 maluissem
1488 3510 1661 3561 cauto
1695 3505 1920 3561 silentio
1953 3511 2106 3576 tege-

445 3614 528 3667 re,
559 3613 746 3670 quam
793 3596 1044 3665 alicujus
1091 3596 1398 3666 scripturae
1451 3595 1832 3666 praesumenti
1881 3593 2100 3649 indicio

444 3685 786 3758 publicare;
820 3684 926 3738 sed
950 3684 1202 3738 fratrum
1230 3687 1567 3738 nostrorum
1591 3684 1860 3754 jussione
1882 3683 2103 3738 instan-

445 3774 489 3829 ti
519 3778 573 3829 et
602 3772 884 3828 instantia
918 3772 1149 3842 jubenti
1198 3772 1568 3844 compellitur
1612 3777 1812 3827 noster
1861 3771 2098 3827 animus

445 3860 900 3934 possibilitatem
949 3861 1249 3930 excedere,
1283 3877 1574 3933 suamque
1617 3861 1913 3916 inscitiam
1943 3860 2098 3915 mul-

447 3953 646 4004 torum
697 3949 1034 4020 aspectibus
1075 3949 1388 4006 nominum
1436 3949 1796 4022 improvisus
1847 3950 2094 4022 aperire.

449 4036 848 4109 Pompeﬂitur,
872 4039 1138 4109 inquam,
1168 4044 1370 4094 noster
1391 4039 1629 4094 animus
1660 4054 1832 4093 suam
1859 4038 2096 4107 ignora-

2144 2800 2182 2854 C
2214 2801 2269 2851 et
2299 2796 2544 2869 scriptas
2574 2798 2652 2852 ad
2681 2796 3090 2853 auctoritatem
3121 2797 3560 2858 Fiscannensis
3599 2806 3872 2863 Ecclesia.

2213 2890 2268 2940 et
2297 2886 2374 2940 ad
2405 2886 2711 2942 utilitatem
2735 2886 3060 2955 legentium
3091 2887 3339 2944 fratrum
3369 2889 3570 2964 edidi,
3612 2900 3731 2951 etc.

2839 3028 2938 3084 Ea:
2973 3043 3103 3098 cap.
3127 3032 3236 3086 XV.

2284 3154 2509 3207 Interea
2537 3150 2779 3219 contigit
2805 3151 3233 3208 Fiscannenses
3261 3157 3617 3214 canonicos
3648 3162 3863 3218 alioruz:

2211 3239 2637 3294 canonicorum
2668 3255 2864 3295 mores
2892 3240 3130 3309 imitari,
3161 3241 3316 3298 latas
3357 3246 3748 3316 perditionis
3776 3251 3866 3304 vias

2208 3327 2457 3396 ingredi,
2492 3332 2548 3382 et
2577 3344 2775 3383 rerum
2816 3329 3236 3401 temporalium
3290 3331 3478 3388 luxus
3533 3342 3601 3392 et
3636 3339 3865 3395 desidias

2208 3416 2563 3488 voluptuose
2612 3419 2858 3486 sectari;
2905 3434 3091 3490 quam
3122 3421 3578 3480 canonicorum
3614 3429 3867 3484 miserat:

2209 3504 2392 3560 vitam
2423 3509 2478 3560 et
2506 3505 2917 3561 imminentem
2967 3507 3273 3564 miseriam
3318 3509 3448 3566 dux
3483 3517 3866 3586 prudentissi-

2209 3610 2344 3649 mus
2371 3595 2697 3650 Richardus
2731 3595 3000 3663 audiens,
3039 3600 3093 3651 et
3123 3597 3431 3654 audiendo
3483 3619 3865 3675 cognoscens.

2211 3683 2379 3738 valde
2433 3683 2638 3750 doluit,
2694 3685 3132 3757 hominumque
3187 3703 3529 3758 pravorum
3593 3712 3803 3752 mores
3836 3705 3865 3747 ei

2208 3772 2718 3827 conversationem
2797 3773 3154 3846 exhorrens,
3221 3775 3461 3845 legatos
3534 3781 3866 3841 festinante:

2207 3860 2553 3918 Cluniacum
2605 3861 2835 3930 direxit,
2882 3867 2938 3918 et
2986 3868 3261 3919 sanctum
3307 3865 3614 3927 Maiolum
3661 3890 3860 3944 magns

2203 3948 2548 4004 humilitatis
2588 3949 2867 4021 precibus
2919 3951 3275 4008 Fiscannum
3322 3959 3690 4029 accersivit,
3729 3970 3862 4033 atque

2205 4037 2536 4092 secundum
2573 4039 2762 4094 sancti
2793 4041 3085 4096 Benedicti
3113 4041 3389 4111 regulam
3419 4050 3483 4101 et
3511 4052 3867 4108 constitutis-

443 4140 506 4180 re
536 4125 950 4196 ignorantiam,
984 4131 1038 4182 et
1062 4131 1403 4183 nostrorum
1432 4126 1681 4182 fratrum
1729 4126 1962 4194 roganti
1988 4126 2096 4181 im-
2129 4145 2174 4198 ι)
2203 4141 2342 4181 nem
2390 4125 2625 4200 disponi
2657 4131 2712 4183 et
2736 4128 3000 4184 ordinari
3029 4145 3254 4186 novam
3304 4131 3656 4196 ecclesiam
3690 4157 3865 4197 exora-

443 4215 610 4287 perio
667 4214 942 4270 exhibere
1001 4214 1424 4283 obedientiam,
1479 4213 1575 4269 cui
1625 4214 1974 4269 exhibendae
2041 4219 2096 4270 et

442 4304 656 4359 mentis
676 4304 970 4374 judicium
989 4304 1331 4360 nullatenus
1358 4303 1698 4375 acquiescit,
1728 4307 1784 4358 et
1806 4303 2094 4375 propositi

442 4392 626 4447 nostri
683 4393 1044 4448 verecundia
1111 4391 1356 4447 omnino
1425 4391 1788 4447 contradicit.
1854 4395 2090 4462 Verum,

441 4498 579 4536 cum
623 4481 960 4558 obedientia
1008 4486 1214 4538 sancta
1263 4481 1495 4537 nullum
1539 4498 1690 4555 opus
1735 4481 1970 4537 difﬁcile
2001 4482 2093 4536 vel

440 4569 807 4643 impossibile
863 4575 1120 4640 excuset,
1182 4575 1286 4626 aut
1349 4586 1632 4627 excusare
1697 4570 1931 4637 debeat,
1987 4569 2093 4625 diu

442 4665 726 4715 cunctans
777 4660 1223 4732 multarumque
1272 4659 1874 4732 procrastinationum
1921 4658 2094 4713 indu-

441 4747 562 4803 cias
590 4749 845 4818 ﬁngens,
877 4752 1123 4817 urgente
1151 4749 1423 4804 fraternae
1452 4747 1779 4804 dilectionis
1809 4747 2092 4803 continua

436 4837 726 4908 jussione,
759 4853 913 4892 onus
961 4837 1202 4892 tandem
1247 4837 1607 4908 imperatum
1639 4835 1894 4907 suscepi,
1926 4840 1982 4890 et
2009 4836 2092 4890 Fi-

443 4927 791 4982 scannensis
822 4926 1162 4982 monasterii
1193 4927 1436 4982 exordia
1466 4924 1884 4998 subsequentis
1909 4923 2090 4980 libelli

442 5014 657 5084 agresti
686 5018 742 5070 et
772 5013 1017 5083 ignobili
1047 5015 1197 5086 stylo
1246 5015 1453 5087 aperui
1484 5019 1539 5070 et
1569 5012 1836 5085 exposui.
1874 5013 1937 5067 In
1967 5028 2088 5085 quo

439 5103 635 5157 libello
663 5102 828 5157 nulla
870 5101 1020 5157 falsa
1063 5103 1347 5159 fallaciter
1375 5101 1722 5173 interposui,
1754 5117 1963 5156 verum
1995 5117 2089 5157 sa-

441 5204 574 5243 cras
601 5188 874 5246 historias
900 5191 1282 5264 antiquorum
1313 5189 1580 5244 virorum
1609 5187 1767 5244 ﬁdeli
1795 5189 2086 5244 narratio-

439 5293 515 5333 ne
547 5279 829 5346 cognitas,
862 5295 1228 5351 suorumque
1277 5281 1658 5350 posterorum
1702 5277 1924 5333 tenacis
1967 5293 2088 5332 me-

440 5367 642 5422 moriae
666 5368 797 5424 sinu
829 5370 1149 5425 custoditas
1175 5371 1231 5422 et
1258 5367 1473 5422 nostris
1496 5367 1863 5439 temporibus
1886 5383 2085 5422 succe-

437 5455 706 5513 dentium
730 5459 988 5513 virorum
1019 5455 1283 5526 diligenti
1312 5456 1593 5512 relatione
1631 5456 1822 5511 illatas
1853 5455 2080 5527 scripsi,

504 5636 576 5706 (1)
617 5633 999 5702 Pasnagium,
1033 5633 1160 5688 aliis
1190 5633 1650 5689 Pastionaticum
1680 5647 1786 5706 seu
1813 5630 2071 5687 Pastina-

433 5702 616 5763 ticum
643 5706 824 5772 vulgo
852 5719 1104 5774 panage,
1134 5719 1347 5760 census
1386 5708 1477 5760 est
1506 5719 1610 5758 seu
1647 5702 1934 5758 tributum
1963 5717 2072 5773 pro

2202 4215 2302 4270 vit.
2351 4214 2454 4271 Cui
2502 4220 2745 4271 sanctus
2801 4217 3076 4274 Maiolus:
3134 4219 3346 4290 Hujus,
3391 4220 3636 4298 inquit,
3674 4229 3867 4285 laboris

2201 4303 2676 4373 magnitudinem
2717 4304 2850 4360 talis
2892 4306 3138 4362 rationis
3188 4308 3572 4372 conditione.
3613 4318 3867 4375 charissi-

2200 4407 2297 4447 me
2323 4391 2401 4446 ﬁli
2435 4392 2743 4461 Richarde,
2778 4394 3189 4466 suscipiam,si
3212 4412 3318 4468 per
3344 4402 3556 4457 totum
3593 4405 3866 4463 ducatur;

2200 4485 2369 4538 tuum
2442 4481 2964 4553 consuetudinem,
3036 4501 3169 4557 quae
3242 4485 3592 4556 vulgariter
3679 4512 3867 4569 pasna—

2199 4570 2365 4640 gium
2411 4571 2486 4637 (1)
2531 4569 2763 4656 dicitur,
2799 4573 2916 4627 Deo
2964 4571 3304 4640 donaveris,
3336 4575 3738 4656 nullumque
3784 4591 3864 4639 tus

2197 4656 2502 4728 potestatis
2548 4655 2880 4728 principem
2929 4657 3258 4730 aliquando
3313 4663 3602 4734 amplius
3633 4655 3864 4741 exiges

2197 4744 2544 4800 decreveris.
2581 4743 2689 4799 Ubi
2720 4745 3046 4801 Richardus
3091 4747 3216 4802 dux
3259 4764 3383 4803 non
3423 4755 3677 4814 morbo
3711 4761 3868 4815 avari-

2198 4832 2310 4899 tiae,
2343 4849 2552 4888 verum
2581 4832 2813 4888 occulta
2856 4834 2958 4890 Dei
3006 4837 3386 4907 providentia
3416 4838 3807 4914 disponente
3832 4861 3866 4900 e:

2197 4925 2402 4977 sancto
2425 4921 2706 4978 Willelmo
2729 4921 2931 4978 abbati
2951 4923 3203 4994 gloriam
3231 4926 3573 4987 ordinandi
3613 4945 3864 4993 sanctam

2195 5011 2506 5067 ecclesiam
2565 5011 2971 5082 transferente,
3024 5029 3274 5069 suorum
3332 5016 3690 5082 hominum
3752 5042 3863 5082 con.

2195 5100 2323 5156 silio
2392 5099 2708 5171 acquievit,
2767 5104 2823 5155 et
2892 5102 3079 5157 sancti
3154 5103 3357 5159 Maioli
3432 5106 3862 5186 interpellatio-

2193 5205 2332 5245 nem
2388 5203 2511 5244 non
2570 5188 2889 5244 exaudivit.
2947 5190 3110 5245 Unde
3188 5192 3443 5262 contigit
3510 5206 3586 5256 ut
3643 5210 3862 5262 sanctus

2193 5277 2434 5334 Maiolus
2476 5276 2825 5332 Cluniacum
2872 5282 3281 5344 reverteretur,
3315 5286 3373 5337 et
3423 5293 3862 5350 canonicorum

2191 5364 2474 5452 correctio
2505 5363 2599 5418 vel
2628 5364 2899 5435 expulsio
2945 5381 3052 5437 per
3095 5365 3328 5438 aliquot
3355 5373 3668 5445 tempora
3700 5385 3859 5452 prole

2189 5451 2428 5520 laretur,
2459 5455 2565 5508 etc.

2181 5627 2564 5704 glandatione
2595 5632 2650 5683 et
2670 5629 2803 5704 jure
2834 5631 3118 5703 pascendi
3150 5647 3374 5703 porcos
3405 5639 3621 5701 aliave
3649 5650 3855 5704 animm

2180 5700 2324 5756 liain
2355 5699 2505 5756 silva
2529 5699 2777 5756 domini.
